3576 5622
707 794 865 853 ..64-

226 930 351 1003 studio
380 927 544 1002 nitorem·
578 929 759 1002 orationis
793 935 830 1000 et
866 934 1085 1001 venustates
1117 925 1344 1000 narrationis

228 1056 369 1128 inluce
390 1055 588 1145 collocant,
611 1053 862 1148 quaestionem
883 1061 1013 1126 autem
1034 1053 1217 1126 moralem
1233 1051 1344 1126 attin-

230 1186 324 1274 gunt
343 1180 508 1274 quidem,
531 1199 654 1274 neque
674 1199 763 1251 vero
783 1177 981 1274 explicant.
1059 1207 1064 1216 ·

280 1310 379 1379 Inter
398 1305 482 1378 illos
501 1305 717 1401 scriptores,
741 1304 804 1399 qui
824 1303 907 1376 libri
927 1304 973 1376 de
993 1325 1067 1398 quo
1083 1303 1209 1397 agitur
1226 1303 1345 1396 digni-

233 1439 352 1506 tatem
398 1431 583 1504 moralem
618 1430 893 1520 defenderunt,
929 1429 1116 1526 imprimis
1152 1429 1345 1502 *erremus

233 1561 437 1630 Mezramus
456 1531 686 1650 cognoscere
706 1555 833 1628 studet
852 1561 1038 1649 quantum
1062 1555 1187 1628 valeat
1207 1553 1346 1626 Gurthii

235 1697 332 1779 opus
350 1682 398 1755 ad
418 1682 625 1774 legentium
645 1681 796 1754 animos
810 1677 1096 1754 emendandos.1
1112 1679 1271 1754 Criticus
1286 1679 1346 1750 ille

234 1807 524 1900 Lotlrariugicus
549 1807 739 1902 praecipue
773 1805 932 1878 miratur
971 1804 1109 1878 Gorthii
1149 1805 1347 1878 scientiam

233 1933 350 2006 animi
373 1932 529 2005 humani
556 1946 649 2004 cum
675 1945 830 2005 summa
858 1938 939 2003 arte
968 1930 1231 2025 elegantiaque
1256 1931 1348 2004 scri-

232 2058 344 2132 bendi
362 2057 616 2131 coniunctam.
639 2060 764 2150 Negat
783 2056 970 2129 rationem
989 2055 1143 2128 fatalem
1167 2056 1205 2130 in
1225 2054 1263 2126 A
1268 2051 1349 2152 sfi-

234 2179 430 2254 nitatibus
465 2179 643 2254 electicis
676 2189 756 2254 tam
787 2180 1067 2254 ineluctabilem
1093 2196 1191 2272 esse,
1231 2200 1348 2274 quam

235 2311 442 2384 Hettuerus
470 2307 659 2403 putaverit
684 2331 691 2378 :
722 2295 844 2380 «Les
877 2305 1041 2380 affinites
1073 2325 1121 2378 ne
1154 2327 1195 2379 se
1229 2306 1349 2380 mani-

146 2501 149 2513 .
235 2433 372 2508 lestent
396 2453 479 2528 pas,
510 2432 644 2527 inquit,
671 2451 821 2533 comme
845 2430 1032 2504 certaines
1058 2430 1248 2527 passinus,
1280 2452 1349 2526 par

235 2559 303 2632 des
336 2578 455 2653 coups
488 2557 762 2651 loudroyants;
798 2556 890 2630 elles
924 2577 965 2630 se
999 2555 1159 2648 glissent
1187 2563 1225 2628 et
1262 2556 1350 2629 s'in-
1417 2631 1422 2644 ,

235 2683 387 2756 sinuent
415 2704 488 2777 peu
518 2684 542 2754 a
570 2703 644 2778 peu
669 2682 765 2754 dans
799 2681 929 2772 lame,
961 2681 1025 2775 qui
1054 2680 1110 2754 les
1138 2679 1286 2772 ignore.
1328 2703 1346 2748 u

234 2810 326 2891 Quae
346 2829 434 2880 cum
454 2807 506 2879 ita
526 2807 614 2898 sint,
637 2813 679 2880 ut
699 2806 751 2879 ait
771 2806 982 2898 Memmius,
1005 2826 1103 2902 opus
1123 2825 1194 2880 nos
1215 2805 1349 2878 dooere

234 2940 359 3029 potest
395 2940 539 3027 quanta
573 2932 689 3004 animi
723 2931 963 3004 contentione
1001 2930 1187 3031 Goetlrius,
1210 2930 1350 3005 similia

234 3063 429 3153 expertus,
456 3079 498 3130 se
521 3045 648 3153 ipsum
678 3055 902 3129 coercuerit.
930 3055 1125 3151 Cupiditas
1149 3056 1250 3128 victa
1275 3062 1346 3148 est,

236 3184 302 3256 sed
336 3183 504 3254 nondum
537 3181 718 3256 radicitus
750 3180 900 3254 evulsa.
940 3180 1191 3278 Triumphant
1226 3179 1350 3253 ollicia

238 3309 404 3398 tandem,
423 3308 490 3382 sed
500 3307 623 3380 multa
637 3307 807 3403 perpessi
819 3313 908 3379 sunt
924 3305 1119 3400 multaque
1133 3305 1351 3378 reformida-

237 3441 373 3506 verunt
397 3433 433 3524 ii,
461 3433 621 3529 quiufere
645 3413 940 3506 succubuerunt.
963 3430 1101 3504 Ottiliae
1121 3431 1351 3503 continentia

238 3567 276 3632 et
295 3557 521 3660 castimonia
540 3565 655 3652 atque
674 3557 758 3653 ipsa
782 3564 904 3630 morte
924 3556 1176 3630 admonemur
1209 3563 1251 3628 ut
1279 3556 1351 3652 ipsi

237 3683 501 3756 contineamus
520 3681 714 3777 cupidines
734 3689 885 3756 nostras
900 3681 1185 3776 periculumque
1204 3689 1351 3754 mature

236 3808 458 3901 fugiamus.
495 3807 669 3882 Goetlrius
702 3807 783 3880 sine
823 3807 899 3878 ullo
935 3807 1049 3879 dubio
1086 3828 1162 3880 non
1200 3827 1351 3878 morum

236 3933 421 4026 magister
446 3933 639 4029 putandus
676 3939 746 4023 est,
784 3939 954 4004 attamen
990 3953 1186 4004 cornorum
1223 3929 1350 4004 locum

239 4062 341 4128 terret
360 4056 456 4128 inter
475 4056 710 4129 clarissimos
729 4063 767 4128 et
785 4054 1125 4150 praestantissimos
1148 4054 1352 4149 scriptores

240 4181 304 4274 qui
324 4188 446 4254 artem
467 4182 553 4255 vitae
573 4179 733 4278 professi
754 4182 946 4254 sunt.Neo
961 4180 1045 4251 ideo
1057 4179 1351 4252 existimandum

272 4464 347 4523 ⁴W.
377 4465 489 4530 Goetlte,
517 4465 572 4520 Les
598 4481 716 4520 oeuoros
744 4463 914 4538 expliqudes
937 4480 999 4538 pur
1034 4464 1065 4519 la
1099 4463 1158 4528 uic,
1189 4477 1224 4528 11,
1259 4465 1352 4521 editio

239 4567 384 4629 secunda,
401 4565 528 4622 Lutetiae
545 4565 741 4627 Parisiorum,
758 4576 983 4627 uucoeuxxrm
1001 4579 1030 4632 p.
1044 4563 1177 4620 177-212.

1437 1325 1619 1382 Muzrunrus
