3654 5644
747 746 926 810 -tui-

278 880 486 974 Begebniss
501 881 620 955 sahen
639 882 705 955 der
719 883 965 978 Hauptmarm
986 884 1062 956 und
1076 884 1267 958 Chariette
1291 884 1389 959 still-

278 1005 517 1099 suhweigend
536 1005 606 1079 mit
617 1007 719 1079 einer
729 1007 984 1103 Empsmdung
993 1009 1132 1100 zu‚wie
1144 1030 1234 1082 man
1245 1009 1297 1082 oft
1309 1010 1389 1083 kin-

278 1129 405 1205 disehe
425 1130 674 1224 Haudlungen
694 1130 915 1224 benachtet,
931 1128 999 1204 die
1016 1154 1255 1230 muameqen
1277 1133 1390 1206 ihrer

279 1253 549 1351 besoryliclten
563 1253 605 1326 F
601 1253 715 1352 olqen
733 1253 886 1353 neruda
905 1255 1015 1328 nicht
1033 1254 1166 1354 bttttyt
1189 1255 1270 1330 und
1289 1255 1391 1332 doch

282 1379 393 1453 nicht
411 1377 585 1452 sehelten
605 1377 725 1463 kann,
746 1378 800 1478 ja
818 1378 1021 1454 vielleicltt
1040 1378 1227 1454 benetden
1241 1403 1349 1455 muas
1370 1407 1390 1453 u

283 1505 428 1600 (Lvm).
446 1505 615 1578 Primum
626 1506 725 1578 euim
736 1506 796 1578 hie
807 1505 995 1598 legentem
1007 1512 1207 1579 monuerat
1220 1507 1392 1580 Goethius

280 1630 491 1727 periculosa
502 1650 587 1704 esse
600 1651 685 1724 quae
701 1631 786 1703 iude
803 1637 1098 1725 consequentum
1112 1631 1192 1723 sed,
1205 1632 1390 1729 praeteriti

281 1777 441 1848 memor,
463 1754 726 1828 animadvertit
757 1773 873 1849 quam
905 1755 1041 1847 dulcia,
1077 1775 1193 1849 quam
1224 1756 1394 1830 humana

281 1881 356 1954 sint
375 1901 460 1973 quae
475 1879 570 1952 fiunt
583 1900 705 1976 neque
719 1879 938 1953 Eduardum
958 1885 995 1953 et
1009 1879 1175 1954 Ottiliam
1193 1881 1393 1977 reprehen-

283 2006 370 2080 dere
390 2005 563 2079 sustinet.

330 2130 422 2212 Quae
440 2135 570 2203 autem
590 2149 635 2201 ex
654 2128 726 2201 hoe
744 2128 908 2202 infausto
928 2127 1129 2223 illicitoque
1149 2149 1280 2203 amore
1304 2151 1394 2202 eun·

283 2258 467 2349 sequntur
486 2253 711 2345 miserrima,
735 2274 823 2325 mox
842 2252 1066 2327 videbimus.
1089 2255 1272 2328 Amantes
1292 2255 1393 2327 enim

282 2379 334 2452 illi
361 2377 576 2473 vigentibus
600 2379 786 2451 innostra
807 2384 919 2452 aetate
949 2377 1097 2471 legibus
1126 2378 1253 2473 palam
1284 2399 1394 2474 repu-

283 2511 426 2598 gnant3
448 2524 537 2576 nam
556 2524 642 2598 quae
661 2523 817 2577 neeesse
841 2509 921 2576 erat
940 2502 1164 2596 acciderent,
1192 2502 1391 2595 accidunt3

282 2635 427 2702 naturae
446 2634 621 2702 amantes
635 2627 810 2702 resistere
820 2649 896 2701 non
908 2635 1080 2724 possunt,
1094 2633 1132 2700 et
1141 2627 1257 2700 vincit
1270 2649 1391 2720 amor,

281 2752 401 2826 dulcis
420 2751 572 2848 quidem
591 2751 658 2826 sed
676 2751 886 2847 culpandus
898 2773 1019 2825 amor.
1036 2751 1159 2824 Vincit
1179 2773 1302 2844 amor,
1315 2753 1395 2824 vin-

281 2877 331 2952 cit
349 2876 629 2972 quodammodo
649 2884 686 2950 et
701 2876 865 2950 Eduardi
883 2875 1046 2950 violenta
1064 2875 1177 2949 libido
1192 2883 1230 2949 et
1244 2875 1317 2951 nisi
1333 2897 1391 2968 re,

281 3003 415 3076 animo
439 3010 567 3076 tamen
590 3009 761 3098 patratur
779 3000 1007 3075 adulterium
1028 2999 1141 3075 illudl
1159 3001 1275 3095 quod,
1305 3007 1396 3096 post

256 3203 259 3208 ,
280 3149 326 3202 ea
344 3127 546 3223 primordia
565 3127 720 3218 amoris,
741 3148 827 3222 quae
851 3147 968 3222 supra
986 3126 1270 3224 descripsimus,
1291 3125 1394 3199 nullo

281 3252 394 3325 modo
413 3251 544 3326 evitari
564 3257 724 3347 poterat.

328 3379 368 3450 ln
386 3375 476 3449 illud
495 3382 625 3449 autem
643 3374 869 3449 adulterium
888 3374 1076 3471 praecipue
1103 3375 1195 3448 recti
1228 3374 1397 3448 honesti·

282 3521 354 3597 que
387 3500 615 3592 defensores
649 3507 690 3572 ut
724 3499 899 3591 vidimus,
934 3520 1073 3592 magno
1105 3519 1217 3594 opere
1252 3476 1398 3572 invecti

281 3632 382 3701 sunt.
405 3627 482 3699 Nec
500 3625 639 3698 mirum
662 3648 669 3697 :
692 3625 832 3698 frustra
857 3625 957 3697 enim
978 3624 1164 3718 uoethius,
1188 3644 1273 3698 sese
1306 3645 1398 3720 pur-

281 3770 390 3844 gans
405 3750 475 3848 hae
493 3749 577 3823 libri
594 3757 700 3845 parte
719 3749 883 3823 Eduardi
901 3756 938 3822 et
951 3749 1129 3822 Carlottae
1141 3747 1295 3843 culpam
1312 3754 1399 3825 tan.

279 3876 365 3948 dem
384 3873 621 3972 reprehendit
639 3881 677 3946 et
695 3873 866 3970 repudiat
888 3898 896 3946 :
937 3876 1047 3947 «Der
1065 3875 1146 3966 Tag
1166 3872 1297 3946 schien
1318 3873 1397 3945 ihm

278 3995 543 4095 altannysvoll
560 3999 897 4090 hereinzublicken‚
916 3995 983 4071 ute
1002 3998 1134 4072 Sonne
1152 3995 1288 4070 seltieu
1312 3995 1398 4070 ihm

280 4123 344 4198 ein
372 4121 618 4197 Verbreehen
636 4145 686 4196 au
701 4119 926 4196 beleuclttea
948 4147 981 4195 ».
1004 4122 1135 4196 Serius
1155 4128 1288 4195 autem
1308 4142 1400 4194 cura

327 4382 335 4417 ⁴
354 4381 399 4438 Cf.
415 4363 697 4452 Vergilii'versum:

495 4471 510 4530 'a
531 4475 571 4533 Te
586 4479 682 4534 tenet:
698 4475 774 4532 atius
788 4475 923 4551 suspirat
939 4490 1060 4532 amores
1075 4493 1102 4529 u.
1131 4527 1132 4530 ,
