3680 5612
274 928 367 1003 alles
387 928 592 1003 Liebesleid
613 928 717 1002 eines
740 935 925 1001 untreuen
946 927 1164 1001 Ehemanns
1183 924 1258 998 und
1277 923 1381 998 eines

275 1054 391 1127 kaurn
409 1047 653 1128 der'Pension
673 1061 928 1127 eutrormenen
941 1052 1157 1127 Maedchens
1173 1046 1382 1124 dorchlebt

275 1179 350 1252 und
384 1176 647 1263 dirrelrleiolet,
689 1177 842 1275 serlept
880 1177 954 1250 und
994 1174 1053 1249 bis
1088 1176 1160 1248 in's
1197 1173 1382 1248 Kleinste

276 1301 538 1377 beschreibt...
574 1303 663 1397 liegt
700 1305 818 1378 sehon
855 1300 932 1375 dos
963 1299 1247 1382 Gestcendniss,
1285 1295 1382 1370 dass

279 1426 358 1499 iiim
381 1428 420 1501 in
439 1425 589 1500 diesem
610 1426 866 1524 onpebliclten
883 1425 1035 1500 Leiden
1051 1423 1263 1498 tenendliclt
1282 1421 1383 1496 woltl

279 1554 343 1642 ist,
368 1554 458 1628 dass
477 1573 517 1626 er
536 1553 610 1624 mit
644 1549 820 1626 Wollost
832 1550 956 1625 dorin
975 1549 1052 1625 lebt
1066 1547 1147 1624 und
1168 1547 1278 1642 ioebt,
1293 1548 1383 1622 dass

276 1677 339 1751 ilm
365 1679 424 1751 eiu
453 1679 736 1752 Maedclrenherz
765 1678 873 1751 mehr
894 1677 1102 1751 interessirt
1125 1675 1183 1749 als
1207 1673 1279 1748 alle
1297 1673 1383 1747 Phi-

275 1802 469 1898 losophien
498 1804 574 1877 und
601 1803 977 1898 Religionssysteme,
1004 1801 1076 1876 alle
1103 1799 1379 1892 Koenigreiche,

274 1929 598 2003 wissenschaften
619 1929 694 2002 und
712 1929 860 2003 Kt'mste
879 1929 945 2002 der
964 1927 1073 2001 Erde.
1099 1951 1117 1996 n
1144 1927 1384 2023 (Baumgart

275 2073 353 2144 ner,
375 2077 412 2149 p.
436 2052 487 2146 7).
1150 2063 1152 2068 ·

323 2180 378 2250 lta
395 2177 496 2250 enim
515 2184 586 2269 est,
601 2177 682 2250 haec
695 2183 810 2271 atque
829 2176 919 2250 talia
931 2175 1103 2251 Goethius
1118 2174 1276 2248 libenter
1294 2172 1384 2246 scri-

277 2302 342 2395 bit,
364 2303 446 2376 haec
474 2309 588 2398 atque
619 2302 709 2376 talia
731 2302 953 2399 plerumque
981 2299 1195 2395 legentibus
1214 2298 1382 2396 praebet3

277 2434 365 2501 tuuc
386 2427 550 2501 maxime
570 2434 738 2499 mentem
757 2424 1010 2510 diviniorem,
1026 2432 1068 2499 ut
1086 2423 1241 2518 Vergilii
1261 2422 1386 2496 verbis

277 2560 376 2645 utar,
389 2560 426 2624 et
447 2576 490 2624 os
508 2575 657 2649 nropno
676 2559 911 2626 senatorum
925 2553 1053 2644 habet,
1067 2572 1154 2625 cum
1174 2549 1386 2623 amandum

279 2685 316 2750 et
336 2677 475 2772 gaudia
494 2682 531 2750 et
550 2697 662 2751 curas
677 2683 714 2749 et
727 2676 1018 2773 animospingit.
1032 2679 1220 2770 Namque,
1238 2673 1387 2748 etiamsi

278 2803 404 2876 soluta
427 2803 595 2876 oratione
618 2800 760 2893 scribit,
786 2823 941 2898 semper
974 2807 1012 2873 et
1043 2799 1183 2898 ubique
1215 2799 1387 2873 Goethius
1431 2807 1432 2812 '

276 2933 389 2998 vetes
409 2934 480 3019 est,
497 2911 702 2998 mamimus
723 2932 761 2997 et
780 2947 872 2997 cere
892 2923 1042 3024 lyricos
1062 2931 1192 3006 ootes;
1212 2924 1384 3018 ideoque,

277 3051 368 3124 dum
387 3052 545 3148 poeticae
562 3050 728 3124 facultati
748 3050 929 3144 indulget,
947 3050 1044 3123 dum
1058 3049 1235 3148 expansis
1254 3047 1324 3122 alis
1346 3069 1387 3122 sc

277 3182 401 3250 totum
424 3174 617 3272 permittit,
651 3175 841 3249 nonsatis
869 3196 1000 3248 curare
1021 3175 1167 3248 videtur
1195 3173 1284 3268 quid
1316 3172 1387 3246 sibi

278 3301 366 3375 boni
390 3322 516 3375 mores
538 3307 709 3396 poscant.
744 3299 962 3373 Eduardum
986 3300 1150 3374 violento
1176 3299 1389 3373 inflamma·

281 3433 362 3500 tum
382 3447 512 3500 amore
532 3425 842 3523 depingit,neque
862 3425 1039 3498 eumdem
1059 3432 1096 3498 et
1112 3425 1291 3499 maritum
1310 3423 1387 3497 iarn

279 3572 363 3626 esse
380 3557 417 3623 et
430 3557 577 3647 patrem
595 3571 683 3622 mox
699 3550 869 3623 futurum
884 3571 1017 3624 seeum
1029 3551 1066 3622 in
1079 3550 1206 3624 animo
1222 3555 1384 3646 reputat.

327 3679 458 3770 ltaque
480 3675 571 3747 nihil
592 3675 731 3748 mirum
751 3675 971 3749 Eduardum
994 3675 1041 3749 ad
1068 3674 1283 3766 divortium,
1306 3680 1389 3746 tau·

280 3820 395 3895 quam
415 3800 462 3872 ad
482 3800 711 3874 securiorem
730 3807 897 3897 portum,
926 3806 1006 3873 toto
1025 3808 1177 3898 pectore
1198 3799 1352 3872 tendere
1375 3821 1384 3871 :

278 3924 338 3998 hic
357 3923 458 3996 enim
478 3923 583 3998 solus
603 3924 802 4020 praesentis
816 3925 1045 3999 condicionis
1064 3926 1199 3998 exitus,
1219 3923 1290 3998 Sed
1305 3945 1384 4017 cur,
1461 3909 1468 3924 ’

279 4050 481 4123 divortium
500 4049 591 4121 dum
615 4056 694 4123 tam
713 4051 957 4123 vehementer
976 4056 1129 4146 exoptat
1158 4049 1385 4146 expetitque,

277 4195 345 4247 nec
370 4173 591 4265 Garlottam,
617 4195 686 4246 nec
717 4179 841 4269 priora
877 4175 1079 4270 promissa,
1113 4196 1183 4248 nec
1216 4174 1389 4267 neglecta

278 4299 401 4372 officia
416 4297 474 4370 vel
494 4297 685 4378 levissime
696 4298 896 4373 Eduardus
907 4307 1014 4374 curat
1028 4304 1045 4371 ‘l
1062 4299 1287 4373 Italortasse
1298 4298 1389 4372 coti-

278 4423 400 4497 dianae
419 4423 506 4497 vitae
525 4443 588 4497 res
606 4424 791 4498 consentit
812 4424 947 4499 melius
976 4430 1014 4497 et
1037 4424 1221 4518 quadrat3
1244 4431 1384 4514 tamen,

279 4570 367 4622 cum
400 4549 559 4646 scriptor
593 4548 681 4624 ficta
714 4557 840 4624 narret
865 4571 987 4649 neque
1011 4549 1208 4626 historiam
1233 4548 1385 4644 scribat,
