3680 5612
184 3013 343 3075 lirnium
362 3015 373 3071 1

252 3115 302 3172 Dr

192 3225 366 3274 urrunnun

208 3323 352 3370 rnnrrurr

182 3421 371 3470 rnnsorrrs

177 3637 335 3698 Exsurnu
350 3641 376 3697 11

938 857 1116 918 -tto-

471 993 639 1066 amicum
666 991 887 1065 Riemerum
919 989 1081 1065 scribere
1116 990 1280 1086 potuerit
1305 1014 1314 1061 :
1342 1015 1361 1061 «
1381 989 1449 1065 Die
1472 995 1576 1066 Men-

470 1118 586 1192 schen
617 1117 799 1212 betragen
834 1116 915 1190 sich
942 1115 1013 1188 wie
1040 1115 1245 1189 vornehme
1276 1117 1406 1212 Lente,
1423 1116 1481 1191 die
1514 1117 1574 1192 bei

468 1242 582 1316 ollem
601 1242 731 1316 innern
750 1239 949 1340 Zyriespult
967 1239 1063 1314 doch
1082 1235 1158 1312 das
1177 1262 1350 1316 oeussere
1363 1239 1572 1316 Delcorum

469 1365 682 1463 behaupten
702 1391 736 1440 n.
760 1369 809 1442 Ut
827 1365 1018 1462 copiosius
1036 1363 1262 1462 disputatur,
1283 1387 1372 1440 cum
1395 1366 1575 1444 derebus

467 1499 613 1567 naturae
636 1493 696 1566 vel
719 1491 765 1565 de
788 1492 897 1566 horto
924 1490 1080 1566 colendo
1108 1491 1246 1585 agitur,
1276 1491 1330 1567 ita
1357 1490 1505 1567 brevior
1532 1495 1574 1568 fit

468 1617 601 1712 orati0,
622 1639 709 1692 curn
743 1615 892 1691 liberior
910 1617 1070 1691 materia
1093 1623 1131 1690 et
1154 1637 1216 1692 res
1239 1616 1409 1693 moribus
1429 1619 1574 1715 perieu-

468 1742 560 1817 losae
585 1749 805 1818 tractantur.
838 1745 924 1818 Non
945 1741 1071 1817 solum
1100 1741 1296 1816 sententiae
1315 1743 1516 1818 reconditae
1535 1751 1573 1818 et

467 1867 675 1964 exquisitae‚
696 1868 764 1944 sed
782 1867 898 1942 etiam
917 1866 1072 1940 ubertas
1085 1873 1124 1940 et
1135 1867 1245 1963 copia
1263 1868 1443 1943 orationis
1458 1874 1571 1964 atque

389 2027 392 2034 ·
466 2013 582 2087 grave
614 1992 759 2068 dicendi
787 2013 910 2087 genus
942 1991 1128 2066 laudanda
1156 1999 1256 2067 sunt.
1297 1994 1393 2067 Cum
1417 2015 1479 2069 res
1496 2015 1571 2067 non

466 2117 675 2193 inhonestae
694 2123 796 2211 sunt,
817 2117 855 2190 in
881 2116 941 2190 his
964 2115 1218 2191 describendis
1238 2118 1397 2215 scriptor
1422 2119 1572 2216 proprio

466 2243 581 2317 verbo
594 2243 724 2336 utitur;
735 2263 824 2317 cum
843 2248 973 2317 autem
989 2241 1178 2316 honestati
1192 2241 1379 2317 offendere
1395 2251 1568 2340 possunt,

464 2366 667 2442 adumbrat
686 2367 798 2442 modo
817 2367 1021 2462 leviterque
1040 2367 1173 2460 tangit.
1191 2368 1271 2442 Res
1286 2366 1359 2442 sub
1373 2375 1570 2466 aspectum

465 2492 794 2589 paenesubieiens,
820 2513 895 2566 non
912 2491 962 2566 ad
987 2513 1189 2566 commune
1213 2499 1251 2566 et
1275 2493 1430 2587 vulgare
1449 2513 1571 2587 genus

464 2616 608 2691 dicendi
637 2617 793 2693 accedit.
828 2620 983 2715 Semper
1009 2617 1047 2690 in
1066 2616 1173 2709 libro,
1197 2617 1243 2691 de
1268 2639 1344 2714 quo
1364 2618 1566 2715 loquimur,

463 2743 635 2840 personis
652 2751 691 2818 et
709 2741 824 2818 rebus
841 2763 927 2840 quae
949 2749 1150 2818 narrantur
1169 2741 1285 2818 verba
1307 2743 1391 2841 ipsa
1415 2763 1569 2841 respon-

463 2868 563 2942 dent.

513 2996 562 3069 Ut
589 2994 762 3089 exempla
787 2993 1041 3091 proteramus,
1071 2993 1281 3086 Mittlerus,
1308 2992 1426 3068 multa
1453 2992 1568 3069 verba

463 3118 618 3212 iaciens,
650 3119 847 3214 magnifice
872 3118 1038 3215 loquitur
1060 3125 1098 3192 ot
1121 3118 1309 3194 interdurn
1331 3119 1461 3194 inssato
1484 3141 1568 3194 ora-

464 3244 577 3320 tionis
595 3265 732 3338 genero
750 3245 868 3318 utitur
887 3243 922 3338 ¹,
939 3244 1139 3319 Eduardus
1150 3251 1281 3319 contra
1294 3243 1566 3320 iucundissima

462 3375 500 3444 et
519 3369 720 3444 emendata
737 3369 905 3444 oratione
924 3369 1084 3466 fusoque
1102 3368 1246 3444 dicendi
1264 3390 1401 3464 genere
1423 3368 1449 3463 ²,
1470 3371 1566 3445 Car-

462 3495 555 3569 lotta
574 3494 745 3592 expedita
764 3501 802 3569 et
827 3493 933 3569 facile
952 3494 1115 3569 currenti
1134 3495 1302 3570 oratione
1318 3495 1332 3539 ³
1346 3495 1562 3590 loquuntur.

508 3621 550 3694 ln
573 3619 809 3714 gravissimis
831 3619 946 3695 rebus
969 3619 1080 3694 elatio
1103 3625 1218 3716 atque
1248 3619 1405 3696 altitudo
1430 3621 1566 3696 oratio·

493 3879 503 3914 ⁴
519 3878 597 3935 vido
611 3879 749 3936 eiusdem
763 3879 931 3936 orationem
945 3878 983 3935 de
994 3879 1202 3935 matrimonio:
1219 3877 1300 3935 «Die
1311 3877 1375 3935 Ehe
1387 3879 1428 3935 ist
1437 3877 1490 3935 der
1501 3878 1567 3934 Au-

391 3987 393 3992 ·
459 3976 532 4048 tang
547 3977 608 4033 und
624 3977 678 4033 der
692 3977 789 4048 Gipiel
812 3977 887 4035 aller
909 3976 1031 4034 Kultur.
1055 3977 1106 4034 Sio
1129 3977 1232 4032 machi
1255 3977 1314 4034 den
1337 3975 1443 4032 Rohen
1458 3975 1567 4033 mild...

458 4073 676 4131 Unautloeslioh
700 4088 787 4131 muss
809 4075 855 4131 sie
877 4075 998 4133 seint...
1024 4073 1098 4131 Sind
1123 4074 1181 4129 wir
1204 4073 1289 4129 nicht
1312 4073 1392 4130 auch
1417 4074 1473 4130 mit
1497 4073 1568 4130 dem

458 4172 617 4230 Gewisson
631 4172 852 4229 verheirathet!
870 4190 884 4224 r
900 4173 1009 4240 (l,1x).

490 4269 502 4306 ¹
520 4289 534 4324 ‹
551 4269 591 4326 Er
600 4271 643 4338 [id
653 4273 700 4327 est
711 4269 883 4340 Eduardus]
894 4275 1041 4330 aeusserte
1050 4270 1117 4328 sioh
1128 4270 1208 4328 uach
1219 4270 1319 4328 soiner
1329 4269 1435 4326 Weiss
1444 4269 1568 4326 ireund-

457 4367 517 4425 lich
532 4370 595 4425 und
609 4370 782 4441 angenohm
799 4387 812 4422 r
833 4369 867 4438 (i,
883 4373 932 4436 11).

490 4467 595 4523 ⁸Vide
609 4469 778 4538 praesertim
793 4465 936 4525 Carlottae
950 4470 1043 4526 verna
1056 4469 1087 4524 in
1103 4467 1217 4525 Prioris
1235 4466 1340 4524 Partis
1355 4467 1454 4537 primo
1472 4469 1502 4522 ot
1516 4479 1567 4521 se-

455 4565 555 4622 eundo
573 4567 691 4636 eapite:
717 4567 811 4625 «Das
829 4565 1049 4636 Bewusstsein,
1071 4567 1152 4626 mein
1172 4567 1346 4624 Liebster...
1366 4565 1566 4636 Weuigstens

456 4665 537 4722 moin
551 4664 692 4723 Liohor...
705 4682 718 4715 r
