3680 5612
770 803 930 862 ,84-

343 938 449 1022 Quod
474 937 582 1012 nobis
602 937 647 1009 de
669 936 807 1010 Goethii
836 935 956 1032 ipsius
984 934 1171 1008 sententia
1195 934 1240 1006 de
1270 933 1405 1006 matri-

296 1063 411 1135 monii
448 1062 620 1138 instituto
654 1075 729 1158 pro·
757 1068 860 1134 certo
883 1059 1101 1135 habendum
1129 1066 1200 1152 est,
1234 1079 1327 1150 rem,
1360 1057 1406 1130 de

296 1208 372 1281 qua
392 1187 725 1279 disserimusnon
750 1185 878 1259 minus
906 1184 1060 1258 dubiam
1093 1183 1267 1277 relinquit
1290 1203 1407 1278 quam

296 1312 464 1409 priorum
479 1319 602 1408 poetae
619 1309 819 1384 verborum
834 1317 872 1384 et
881 1309 1104 1384 iudiciorum
1117 1309 1282 1383 varietas
1293 1315 1407 1404 atque

299 1437 501 1512 mobiiitas.

346 1564 460 1656 Nam,
490 1561 600 1636 nohis
624 1562 657 1636 si
682 1559 807 1634 licebit
834 1560 871 1632 in
895 1559 1033 1633 Goethii
1062 1559 1179 1633 vitam
1206 1578 1407 1653 moresque

299 1687 500 1782 inquirere,
523 1687 646 1760 virum
666 1685 905 1760 inveniemus
924 1683 1001 1780 qui,
1023 1705 1090 1780 per
1110 1684 1252 1760 multos
1271 1704 1405 1777 annos

302 1813 588 1886 matrimonium
615 1832 839 1906 numquam,
875 1809 948 1884 nisi
980 1809 1028 1882 ad
1050 1809 1141 1883 illud
1172 1809 1406 1903 fugiendum,

298 1938 488 2032 cogitasse
509 1937 655 2010 videtur
674 1936 812 2032 quique
832 1958 908 2009 non
932 1934 1004 2008 nisi
1029 1934 1105 2008 iam
1130 1935 1239 2008 annis
1262 1940 1410 2031 septem

299 2069 336 2136 et
356 2062 632 2158 quinquaginta
651 2063 773 2135 maior
796 2061 948 2156 filioque
968 2081 1040 2135 suo
1060 2058 1316 2154 duodeviginti
1334 2059 1410 2132 fere

298 2208 419 2261 annos
451 2193 555 2279 natu,
587 2186 751 2260 amicam
780 2207 893 2261 suam
926 2184 1179 2259 Christianam
1213 2185 1251 2258 in
1283 2183 1412 2258 matri-

301 2312 471 2386 monium
491 2312 607 2385 duxit.
631 2312 894 2385 Eukermanno
910 2317 1040 2384 tamen
1057 2309 1090 2384 si
1105 2310 1256 2383 credere
1276 2308 1412 2382 debea-

302 2458 401 2528 mus,
429 2437 603 2511 Goethius
634 2457 708 2510 non
737 2435 923 2533 probavit,
952 2435 1193 2509 matrimonio
1226 2434 1410 2509 dissoluto

301 2569 367 2634 aut
386 2561 540 2653 violat0,
563 2562 725 2653 vincula,
749 2560 945 2635 firmandae
960 2560 1154 2635 societatis
1169 2581 1288 2634 causa
1301 2581 1412 2634 sacra

300 2686 483 2778 coniecta,
509 2686 566 2759 vel
587 2686 750 2783 dirumpi
770 2687 828 2759 vel
843 2685 1010 2760 dissolvi.
1024 2684 1036 2728 ¹
1051 2685 1145 2771 Quid
1166 2685 1261 2777 dico,
1284 2685 1412 2758 coniu-

1553 953 1635 1019 Qum

1469 1050 1625 1108 emamus
1645 1062 1716 1108 meu

1461 1161 1501 1206 ou
1516 1161 1725 1206 uarnruomo

1515 1259 1673 1306 sensuum

300 2831 370 2904 ges
396 2810 536 2902 irridet,
566 2812 631 2906 qui
655 2810 726 2885 sibi
757 2818 1036 2907 proposuerunt
1061 2816 1102 2883 ut
1125 2810 1278 2906 nuptias
1301 2830 1411 2882 rum·
1498 2892 1502 2901 Ι

299 2934 568 3032 perent.21pse
583 2957 759 3033 expresse
775 2937 898 3010 amieo
913 2957 984 3010 suo
997 2935 1259 3009 Eckermanno
1273 2935 1411 3010 dixisse

300 3059 471 3152 refertur,
501 3061 720 3135 defunctum
745 3062 997 3137 Dresdensem
1018 3067 1208 3136 oratorem
1228 3061 1412 3135 Reinhar·

336 3315 346 3350 ⁴
364 3315 410 3371 Gi„
426 3316 507 3386 quod
522 3317 558 3372 G.
577 3315 614 3372 Α.
631 3317 797 3373 Hammon
812 3316 851 3374 de
866 3317 924 3372 hac
939 3330 970 3372 re
990 3318 1126 3386 scripsit:
1149 3318 1288 3375 «Goethe
1302 3318 1412 3374 veut-il

303 3413 382 3468 donc
396 3415 537 3482 attaquer
547 3412 574 3468 le
590 3414 736 3482 mariage,
752 3417 782 3468 et
802 3413 847 3469 tes
866 3411 1007 3485 Affinitts
1026 3412 1162 3470 electivae
1177 3415 1339 3471 sont-elles
1354 3428 1414 3471 une

304 3513 385 3566 sorte
399 3511 1235 3581 depreraceauxrequisitoirespassionnesdc1’auteur
1248 3510 1413 3569 d’Indiana

303 3610 333 3663 et
348 3609 386 3664 de
403 3605 589 3663 Valentino?
602 3607 677 3664 Rien
694 3623 731 3665 ne
746 3611 840 3665 serait
856 3611 956 3665 moins
970 3613 1057 3665 exact
1073 3612 1185 3679 quode
1200 3610 1274 3666 faire
1288 3612 1326 3666 de
1340 3610 1414 3666 (ἰω-

304 3707 356 3762 the
371 3720 412 3761 un
427 3706 607 3775 precurseur
621 3707 659 3762 de
674 3709 792 3778 Georgo
806 3708 923 3764 Sand...
935 3705 980 3763 La
991 3707 1062 3764 dato
1073 3711 1171 3764 meme
1184 3708 1220 3764 de
1235 3708 1266 3765 la
1273 3707 1414 3784 publico-

303 3801 368 3859 tion
382 3802 434 3858 dee
446 3801 598 3876 Affinitts,
610 3802 800 3878 postaticum
814 3807 834 3860 ὰ
848 3804 1023 3877 l'influcnce
1037 3805 1189 3862 salutaire
1199 3805 1235 3862 de
1246 3805 1375 3863 Schitler
1386 3807 1414 3862 et

302 3915 345 3955 au
357 3899 499 3973 mamare
510 3899 547 3956 de
562 3900 673 3970 Goette,
685 3901 768 3974 suffit
783 3905 803 3957 ἀ
816 3901 933 3972 refater
948 3904 1022 3959 cette
1032 3901 1228 3978 imputatioo.
1242 3909 1302 3973 (111,
1315 3919 1344 3974 p.
1356 3903 1412 3970 87).

336 3995 348 4032 ²
364 3997 433 4053 Wir
448 3998 559 4054 kamen
574 3999 692 4056 sodann
708 4000 761 4056 aui
774 4001 823 4056 die
847 3997 1235 4071 Waltloerwandtechasten
1254 4016 1291 4057 zu
1310 4001 1413 4071 reden,

302 4095 364 4151 und
379 4095 489 4152 Goethe
503 4099 646 4154 erzaehlte
666 4100 723 4154 mir
741 4112 802 4154 von
820 4098 920 4154 einem
939 4099 1198 4157 durehreisenden
1220 4099 1412 4171 Englaender,

301 4193 355 4250 der
365 4195 431 4250 sich
443 4196 588 4252 sclieiden
599 4197 702 4253 lasseu
712 4197 814 4260 wolle,
824 4212 913 4252 wenn
923 4161 958 4269 el
964 4199 1041 4254 naoh
1056 4197 1195 4270 England
1206 4200 1412 4257 zurnkkaeme.

302 4288 348 4345 Er
362 4290 461 4348 locato
474 4290 549 4348 aber
563 4293 660 4350 solctw
675 4291 818 4351 Thorheit
834 4296 896 4352 und
915 4296 1082 4352 erwaehnte
1106 4298 1245 4354 mehrere
1264 4297 1414 4366 Beispiele

301 4403 361 4445 von
385 4389 626 4455 Gesohiedenen,
646 4393 696 4448 die
720 4393 856 4450 nachhor
875 4394 953 4449 doch
974 4395 1058 4451 nicht
1077 4395 1191 4452 haetten
1209 4397 1414 4452 voneiuander

304 4488 406 4544 iassen
430 4489 572 4546 koennen.
599 4487 824 4557 (Eckermanas
851 4490 1027 4565 Gceproeche
1051 4491 1108 4549 mit
1131 4491 1415 4568 Goettc,‘Dieasta9

304 4585 364 4640 den
378 4585 427 4643 30.
445 4585 542 4642 Μανῆ
557 4600 755 4652 uuocoxxrv,
771 4590 865 4646 editio
875 4589 995 4647 Gustav
1010 4591 1240 4660 Moldenhauer,
1252 4605 1274 4660 1,
1291 4606 1320 4660 p.
1338 4591 1412 4656 108).
