3640 5620
898 739 1053 798 ..46-

421 873 463 945 fit
491 877 497 943 l
527 874 583 946 Ne
612 878 720 945 curat
739 871 891 966 quidem
918 873 1188 949 celeberrimus
1206 874 1266 949 ille
1289 895 1415 949 rerum
1439 877 1530 949 Ger-

423 998 659 1072 manicarum
685 998 844 1092 scriptor
883 1005 1010 1071 utrum
1040 1007 1175 1095 poetae
1212 1000 1322 1075 liceat
1352 1001 1531 1097 quidquid

423 1123 596 1197 homines
614 1123 674 1194 vel
702 1127 819 1216 agant
846 1122 904 1195 vel
932 1125 1097 1198 sentiant
1116 1125 1192 1198 lato
1213 1125 1417 1199 obnoxium
1446 1147 1530 1200 esse

423 1248 576 1342 lingere.
608 1248 704 1321 Dicit
733 1248 953 1342 religionem
984 1249 1086 1322 illam
1122 1251 1209 1322 oriri
1242 1252 1355 1325 modo
1390 1273 1435 1324 ex
1470 1272 1528 1344 eo,

424 1372 525 1467 quod
543 1373 666 1469 prima
680 1394 799 1448 causa
810 1374 997 1447 factorum
1021 1383 1059 1450 et
1078 1396 1205 1448 rerum
1227 1397 1312 1470 quae
1331 1383 1533 1450 narrantur

424 1505 502 1571 tam
531 1497 693 1572 obscura
718 1499 768 1572 sit
792 1504 829 1571 et
856 1505 935 1572 tam
961 1499 1120 1575 difficilis
1143 1498 1235 1594 (dos
1255 1499 1420 1574 Dunlcle
1450 1498 1534 1573 ond

424 1620 676 1719 Peiniqenole
702 1621 772 1695 des
800 1622 1116 1720 Grundmotr'oa).
1147 1629 1259 1718 Nam,
1292 1626 1425 1721 inquit,
1448 1625 1534 1698 duae

425 1747 498 1820 illae
530 1747 629 1821 vires
660 1747 757 1820 inter
784 1770 826 1824 se
857 1758 1125 1847 repugnantes,
1157 1750 1297 1845 quibus
1326 1757 1439 1847 poeta
1469 1750 1536 1823 lati

426 1873 570 1968 antiqui
597 1874 863 1947 necessitatem
894 1875 1071 1949 tribuisse
1092 1876 1249 1967 videtur,
1280 1897 1355 1948 non
1383 1881 1471 1949 sunt
1496 1897 1536 1947 re

427 2005 624 2072 voratam
652 1998 785 2072 fatales
815 2020 930 2094 quam
955 2001 1097 2094 antiqui
1128 2000 1398 2093 tragoediarum
1423 2000 1538 2096 scrin

428 2131 530 2196 tores
544 2143 611 2196 eas
630 2144 715 2197 esse
729 2124 799 2199 rati
819 2131 909 2198 sunt
923 2145 1113 2220 quamque
1133 2125 1306 2199 Goetbius
1317 2126 1397 2220 ipse
1416 2125 1533 2198 finxit.

428 2250 508 2321 Nos
540 2254 669 2321 autem
695 2289 741 2302 -
773 2249 806 2322 si
834 2249 1125 2323 duodevicesimi
1154 2249 1284 2323 saeculi
1315 2249 1534 2323 historicum

429 2373 626 2468 sequimur
635 2413 680 2424 —
692 2374 756 2468 qui
766 2380 896 2447 nostro
911 2380 1080 2469 tempore
1090 2374 1162 2447 arti
1174 2373 1311 2447 criticae
1322 2374 1535 2465 studemus

430 2499 598 2571 nondum
617 2505 798 2593 putamus
817 2499 1090 2594 sempiternum
1109 2499 1299 2572 vinculum
1310 2519 1395 2573 esse
1411 2498 1540 2572 matri-

433 2625 602 2696 monium
622 2643 744 2718 neque
764 2631 910 2697 tantam
930 2644 1015 2697 esse
1034 2625 1252 2698 firmitatem
1276 2624 1371 2716 ciue,
1397 2630 1540 2718 quanta

433 2749 632 2822 Goetbiano
651 2749 689 2821 in
707 2748 801 2821 libro
821 2748 1046 2844 depingitur,
1068 2770 1137 2821 nec
1157 2749 1343 2841 homines
1362 2749 1466 2844 ipsos
1477 2748 1541 2842 qui

433 2874 671 2970 voluptatum
712 2872 862 2945 libidine
898 2875 1080 2966 seruntur,
1131 2873 1434 2948 inclinationibus
1481 2873 1542 2946 vel

434 3019 565 3072 amore
584 3006 664 3071 tam
683 2998 845 3072 fataliter
865 2999 1074 3094 praecipites
1086 2999 1227 3093 impelli
1246 3005 1360 3093 atque
1380 2998 1461 3094 rapi

774 3147 793 3192 κ
814 3143 890 3217 quo
909 3123 987 3196 lata
1007 3124 1162 3197 trahunt
1181 3149 1215 3196 u.

483 3248 583 3322 Nihil
607 3249 723 3343 igitur
751 3247 853 3322 aliud
882 3255 941 3321 est
964 3249 1153 3321 contentio
1177 3247 1240 3320 illa
1266 3248 1428 3342 tragica,
1456 3268 1543 3342 quae

435 3374 474 3446 in
493 3374 630 3447 Goethii
649 3373 743 3446 libro
757 3371 991 3464 describitur,
1007 3380 1120 3467 atquo
1141 3373 1330 3445 contentio
1350 3393 1395 3444 ex
1409 3379 1491 3446 arte
1506 3378 1544 3444 et

436 3499 587 3593 ingenio
617 3499 771 3572 maximi
799 3499 1076 3571 Germanorum
1108 3503 1231 3592 poetae
1264 3503 1376 3570 nata.
1415 3494 1544 3568 «Die

442 3621 602 3720 ΤιάςιἸιο
634 3621 709 3696 der
740 3619 1277 3720 Woblvertoondtecltosten,
1311 3621 1441 3715 inquit.
1474 3643 1544 3692 er-

437 3747 591 3822 sclteint
604 3770 677 3820 uns
692 3747 804 3820 nicht
819 3745 882 3820 als
900 3747 987 3818 eine
1000 3743 1291 3818 unentrinnbar
1307 3744 1546 3818 naturnoth·

438 3871 635 3970 wendiqe,
667 3868 959 3944 unentrt‘nnbor
981 3866 1227 3966 accingenda,
1271 3869 1345 3941 mie
1377 3869 1437 3940 sie
1471 3865 1547 3940 der

437 3996 612 4071 Dichter
631 3994 931 4092 beaber'cbtiqte,
961 3993 1134 4066 sandoro
1154 4016 1232 4067 nur
1255 3992 1319 4066 uls
1339 3993 1426 4066 eine
1447 3991 1548 4065 roill-

437 4121 600 4195 lciirlt‘cb
621 4119 882 4214 arletinstelte,
898 4115 1139 4220 epitrfindiq
1155 4116 1381 4213 erkleyette
1408 4142 1442 4190 ».

470 4252 583 4324 -Cum
607 4251 660 4324 ita
688 4270 749 4322 res
774 4269 816 4323 se
852 4246 1009 4336 babeat,
1035 4244 1183 4317 videtur
1218 4245 1425 4316 Hettnerus
1462 4261 1550 4338 pos-

440 4383 562 4449 tremo
581 4374 809 4448 intellexisse
829 4373 950 4446 latum
969 4370 1170 4463 tragicum,
1186 4368 1246 4440 cui
1266 4368 1434 4463 primum
1452 4385 1549 4462 prae-

441 4501 572 4576 sertim
610 4499 810 4590 institerat,
844 4497 883 4569 in
914 4493 1108 4568 Eleaticis
1138 4489 1434 4593 Affinitotibus
1474 4511 1549 4564 non
