3680 5612
748 719 910 778 ..39-

267 853 372 944 veiis,
386 851 530 926 videbis
548 872 641 926 sanc
659 874 707 927 ca
726 873 813 948 quae
832 873 962 926 rerum
974 855 1202 929 necessitate
1216 855 1388 929 accidere
1470 951 1471 956 Ἰ

266 977 466 1068 debebant,
479 977 662 1052 accidisse
686 1001 694 1049 ε
716 999 807 1050 nam
828 979 941 1051 vincit
961 979 1259 1075 quodammodo
1279 972 1389 1055 arnor

266 1109 380 1197 atque
400 1103 448 1176 ob
473 1124 559 1175 eam
580 1102 775 1177 victoriam
800 1101 926 1177 divina
946 1105 1191 1200 humanaque
1222 1106 1384 1198 vincula,

267 1227 405 1323 quibus
438 1228 535 1300 inter
558 1248 600 1302 se
624 1229 791 1302 Carlotta
815 1235 851 1300 et
878 1227 1079 1304 Eduardus
1111 1230 1380 1323 iungebantur,

271 1360 391 1426 morte
412 1352 704 1450 abrumpuntur.

316 1480 495 1552 Attamen
513 1498 561 1551 ne
580 1479 618 1550 in
641 1480 712 1552 hoc
732 1480 885 1575 quidem
910 1481 968 1552 vel
993 1480 1184 1554 levissime
1213 1480 1387 1555 Gmttrius

268 1603 610 1699 reprehendendus.
661 1605 869 1678 Peccauere
912 1606 1013 1678 enim
1056 1611 1094 1678 et
1138 1605 1306 1680 Carlotta
1348 1611 1386 1678 et

269 1728 482 1819 EduarduS,
509 1728 674 1802 multum
703 1751 908 1826 peccavere
936 1731 1096 1826 ideoque
1127 1731 1270 1804 iustam
1307 1751 1386 1803 me-

269 1873 377 1926 ruere
391 1874 545 1949 poenam
561 1875 571 1946 ;
593 1875 726 1929 severa
741 1855 855 1948 igitur
880 1876 995 1952 poena
1018 1862 1201 1928 nocentes
1216 1855 1385 1930 afficiun-

267 1985 339 2069 tur,
366 1979 446 2052 sive
469 1979 541 2052 hoc
564 1979 702 2054 melius
724 1981 937 2075 ingentique
962 1980 1104 2070 utilius,
1130 1981 1210 2054 sive
1233 1980 1282 2054 'ad
1306 1981 1385 2054 ani-

268 2125 353 2178 mos
371 2103 589 2178 alliciendos
612 2106 739 2201 aptius
759 2105 932 2180 Goethins
952 2105 1112 2201 putavit.
1142 2107 1264 2200 Atque
1287 2106 1380 2197 iure,

268 2234 308 2301 ut
327 2228 438 2303 nobis
456 2229 610 2323 quidem
629 2228 788 2321 videtur,
809 2229 941 2303 durius
960 2230 1135 2326 plectitur
1157 2229 1380 2303 Eduardus:

236 2355 237 2358 ’
267 2353 410 2426 maiore
430 2353 532 2426 enim
555 2375 671 2448 quam
691 2355 859 2427 Carlotta
883 2353 1011 2427 dolore
1034 2355 1197 2427 afficitur
1223 2354 1382 2449 ideoque

266 2499 337 2552 nos
364 2477 490 2572 magis
512 2478 714 2552 infortunia
734 2479 816 2553 eius
840 2478 982 2552 laedunt
1005 2503 1013 2551 :
1037 2479 1179 2576 optatis
1209 2479 1282 2551 frui
1306 2501 1381 2551 non

266 2603 363 2693 licet,
379 2603 508 2677 omnia
527 2603 609 2677 eius
628 2605 756 2677 animo
775 2612 1002 2700 repugnant,
1020 2605 1141 2677 amori
1161 2604 1381 2678 satisfacere

264 2749 339 2800 non
359 2735 497 2825 potest,
519 2735 558 2800 et
577 2727 740 2802 summis
760 2729 842 2803 sine
861 2729 934 2801 fine
955 2728 1182 2802 dilaceratur
1201 2729 1381 2803 cruciati-

264 2851 350 2927 bus,
383 2850 483 2925 «Er
505 2851 644 2925 eehnte
667 2852 753 2925 sich
779 2851 883 2926 nach
905 2851 996 2925 dem
1025 2851 1272 2949 Unterganp‚
1296 2852 1381 2926 weil

262 2977 342 3051 ihm
372 2978 441 3052 das
463 2979 604 3052 Dasein
624 2978 889 3072 unertraeglich
909 2999 955 3050 zu
974 2978 1124 3050 werden
1144 2978 1277 3051 drohte
1295 2998 1304 3071 ;
1324 2978 1377 3072 ja,

262 3123 305 3176 cs
322 3125 403 3175 war
422 3102 501 3176 ihm
518 3103 579 3175 ein
593 3103 704 3176 Trcst
720 3125 766 3176 zu
782 3101 941 3194 denken,
955 3101 1053 3175 dass
1071 3125 1115 3175 er
1136 3101 1247 3175 nicht
1267 3101 1382 3174 mehr

213 3237 219 3249 '
262 3227 349 3300 sein
368 3225 529 3299 werde»
557 3229 599 3324 (1,
621 3226 743 3320 xvrn).
766 3230 845 3300 Nec
864 3228 1015 3322 requies
1035 3227 1154 3300 dolori
1173 3227 1284 3300 datur
1304 3226 1381 3300 ulla

263 3374 334 3427 suo
352 3375 362 3445 3
384 3360 614 3450 quapropter
635 3361 672 3425 et
691 3353 770 3426 sata
784 3359 822 3426 et
835 3353 1087 3449 semetipsum
1107 3373 1259 3449 semper
1277 3353 1381 3425 incu-

263 3485 336 3570 sat,
350 3499 440 3552 nam
459 3500 545 3574 quae
564 3485 670 3551 amat
689 3477 826 3550 mulier
844 3478 940 3574 perit
959 3483 997 3550 et
1010 3478 1132 3574 ipsius
1143 3476 1255 3574 culpa
1267 3478 1375 3573 perit.

266 3628 284 3670 «
305 3602 472 3675 Wollten
495 3603 563 3674 wir
590 3623 663 3676 uns
683 3602 749 3675 der
772 3603 967 3695 Hotinung
995 3601 1231 3693 tiberiassem
1258 3601 1380 3675 excla-

265 3735 345 3800 mat
374 3727 468 3822 ipse‚
558 3748 602 3801 sc
627 3748 738 3800 waere
762 3727 843 3801 dies
869 3727 929 3799 ein
953 3726 1174 3800 straessicher
1192 3725 1381 3800 Sclbstbe-

262 3858 394 3944 trug...
417 3851 488 3924 wie
508 3851 618 3925 sollte
642 3851 701 3924 ich
729 3852 829 3924 mich
859 3858 1017 3926 troesten
1040 3851 1216 3944 koenncn,
1246 3852 1294 3925 da
1319 3852 1380 3926 ich

262 3975 490 4069 unschuldig
516 3976 574 4048 die
599 3976 737 4049 Schuld
757 3998 806 4049 an
832 3976 945 4049 allam
971 3976 1067 4049 bin»
1095 3977 1153 4072 (ΙΙ,
1175 3975 1268 4070 xvi).
1295 3979 1379 4050 Non

261 4101 376 4194 igitur
393 4101 484 4174 vitio
504 4101 685 4197 corporis,
714 4101 781 4176 sed
807 4101 925 4174 animi
952 4121 1113 4174 mucrore
1140 4108 1177 4173 et
1204 4101 1380 4197 despera-

264 4226 365 4298 tione
401 4227 600 4298 conficitur
639 4249 647 4296 :
691 4251 710 4294 «
737 4226 819 4300 sein
850 4225 1162 4319 gegenwaertiger
1203 4226 1379 4298 Schmerz

264 4351 393 4426 schicn
430 4351 494 4425 ihn
528 4369 650 4444 gagen
687 4350 782 4425 alles
818 4349 1063 4444 gleichgt'rltig
1107 4351 1288 4444 gemacht
1332 4373 1378 4424 zu

265 4475 434 4549 haben...
473 4473 667 4549 Eduards
688 4474 725 4547 Z
728 4473 877 4548 ustand
897 4499 984 4546 tcnr
1008 4497 1058 4546 nn
1083 4472 1374 4573 bejnntnrern...
