3654 5644
769 833 934 894 t1-97..

297 970 438 1044 fernen.
461 970 543 1044 Ihm
571 970 675 1044 holit’
697 972 756 1044 ich
777 971 880 1044 nicht
899 969 1038 1044 wieder
1057 991 1103 1042 zu
1123 969 1333 1065 bcgegnen.
1360 971 1414 1045 Es

297 1091 347 1168 ist
366 1095 504 1169 andeis
524 1095 773 1190 geworden...
797 1120 817 1166 »
840 1096 898 1191 (II,
920 1092 1028 1188 xvir).
1052 1093 1100 1167 Se
1120 1115 1311 1190 suumque
1326 1116 1414 1168 con-

298 1222 414 1295 donat
438 1242 611 1295 amorem
636 1221 815 1296 Eduardo
840 1228 878 1294 et
901 1221 1096 1314 Carlottae,
1122 1242 1211 1295 nam
1237 1221 1413 1295 Carlottae

298 1355 335 1419 et
355 1347 530 1420 Eduardo
558 1347 722 1420 multum
747 1347 870 1420 debet.
899 1349 994 1421 Cum
1016 1347 1100 1421 libri
1128 1347 1280 1440 singula
1303 1367 1413 1442 quae-

298 1493 370 1567 que
390 1472 731 1564 considerabimus,
754 1472 941 1566 inquirere
967 1472 1178 1568 poterimus
1202 1493 1295 1544 num
1319 1472 1414 1568 opti-

299 1619 403 1671 mam
423 1605 572 1694 partem
592 1605 725 1671 secuta
745 1596 795 1670 sit
809 1602 925 1692 atque
941 1597 1040 1670 bono
1056 1597 1292 1692 honestoque
1302 1596 1413 1693 plane

298 1721 536 1814 satisfecerit,
565 1721 633 1796 sed
653 1743 766 1815 nunc,
788 1743 877 1796 cum
898 1722 1059 1817 quaestio
1079 1721 1129 1796 sit
1148 1721 1413 1796 tantummodo

297 1845 344 1918 de
368 1847 562 1943 praecipua
586 1847 764 1920 secundae
792 1846 911 1942 partis
941 1846 1076 1921 morali
1106 1846 1311 1937 sententia,
1338 1867 1413 1918 non

297 1990 509 2066 possumus
526 1991 602 2044 non
626 1971 820 2045 Goetbium
843 1971 1023 2067 probare.
1050 1973 1132 2046 Hoc
1151 1971 1252 2044 enim
1278 1992 1299 2043 e
1325 1970 1413 2045 licta

296 2094 456 2169 historia
476 2095 577 2169 clare
598 2096 781 2191 sequitur,
804 2094 940 2168 debere
960 2095 1135 2169 homines
1158 2095 1412 2191 quarumdam

296 2241 424 2292 rerum
443 2221 631 2294 iacturam
652 2221 788 2295 lacere.

345 2400 516 2472 Primum
535 2400 651 2492 igitur
670 2399 834 2474 incitatae
855 2398 996 2473 libidini
1016 2399 1190 2473 homines
1221 2397 1298 2472 sato
1317 2419 1412 2473 nes-

297 2524 354 2596 cio
374 2546 450 2619 quo
471 2524 529 2598 vel
548 2525 653 2598 inviti
670 2524 815 2617 cedere,
833 2524 967 2597 deinde
981 2525 1158 2619 quaedam
1174 2524 1360 2615 omittere,
1378 2524 1411 2597 si

297 2648 393 2722 terat
412 2649 580 2741 occasio,
603 2647 758 2741 debere,
782 2649 841 2722 liae
861 2657 950 2723 sunt
969 2649 1172 2745 praecipuae
1192 2649 1278 2722 duae
1297 2648 1411 2722 huius

297 2773 379 2846 libri
417 2773 583 2848 morales
620 2773 845 2848 sententiae.
886 2777 961 2848 Cur
998 2780 1129 2846 autem
1170 2773 1288 2847 critici
1331 2781 1411 2846 tarn

295 2897 445 2972 diversa
462 2898 509 2971 de
528 2899 600 2972 hac
620 2899 708 2973 ficta
726 2898 884 2973 instoria
902 2899 1039 2973 iudicia
1058 2899 1195 2992 tulere,
1219 2899 1290 2973 nisi
1310 2897 1410 2994 quod

293 3022 366 3098 illis
385 3044 462 3096 non
481 3023 638 3117 contigit
666 3043 872 3117 agnoscere
896 3044 973 3096 non
1000 3045 1121 3095 unam
1148 3028 1299 3098 tantum
1325 3043 1410 3097 esse

293 3145 331 3219 in
350 3147 552 3221 Goethiano
571 3148 667 3221 libro
687 3147 921 3244 praecipuam
941 3149 1169 3223 sententiam
1193 3153 1210 3220 ‘t
1227 3151 1341 3240 Nam,
1368 3154 1411 3220 ut

296 3271 471 3365 vidimus,
494 3273 557 3346 alii
577 3273 693 3348 modo
710 3273 776 3346 sati
797 3267 1078 3347 ineluctabilem
1097 3273 1189 3365 vim,
1211 3272 1275 3346 alii
1294 3272 1410 3347 absti-

294 3397 432 3470 nentiae
460 3397 520 3470 vel
554 3397 778 3495 expiationis
812 3399 1081 3474 necessitatem
1117 3397 1226 3472 unice
1263 3396 1410 3473 ostendi

294 3521 507 3596 voluerunt.

343 3701 449 3784 Quod
468 3701 517 3775 ad
536 3701 778 3776 sanctitatem
798 3702 975 3775 connubii
994 3702 1141 3796 attinet,
1160 3743 1206 3754 -
1225 3702 1325 3775 etde
1344 3701 1408 3775 illa

294 3826 495 3900 sanctitate
514 3827 678 3923 plurima
702 3826 819 3899 critici
843 3827 1087 3923 scripserunt,
1110 3827 1287 3902 -nobis
1309 3827 1408 3900 vide-

295 3955 356 4022 tur
386 3971 408 4022 e
436 3951 605 4024 secunda
634 3951 795 4025 duarum
825 3952 1104 4049 praecipuarum
1134 3951 1408 4025 sententiarum

293 4075 470 4170 pendere,
492 4097 581 4149 cum
602 4097 678 4171 qua
697 4077 910 4152 arctissime
930 4077 1107 4150 cohaeret.
1134 4077 1306 4172 Plerique
1327 4077 1409 4171 qui-

294 4200 381 4273 dem
401 4200 607 4294 legentium
628 4208 861 4297 putaverunt
879 4201 1073 4275 Goethium
1094 4202 1132 4274 in
1151 4201 1246 4274 libro
1266 4202 1312 4275 dc
1332 4222 1407 4297 quo

292 4324 420 4418 agitur
444 4325 633 4422 imprimis
657 4327 856 4400 ostendere
880 4326 1065 4420 voluisse,
1093 4345 1215 4421 neque
1244 4327 1407 4421 primam

293 4449 446 4546 culpam
466 4471 586 4526 novas
605 4451 738 4548 culpas
758 4452 879 4547 sequi,
902 4472 1024 4548 neque
1044 4451 1272 4547 quibusdam
1293 4451 1408 4526 rebus

293 4574 483 4651 abstinere
503 4575 678 4650 homines
698 4575 850 4669 debere,
872 4576 939 4652 scd
965 4577 1092 4674 potius
1116 4583 1293 4654 sanctum
1321 4597 1407 4652 csse

1568 3727 1615 3784 Dr

1487 3829 1698 3886 Marnruomr
1823 3823 1824 3894 ἶ

1493 3927 1694 3986 ΒΑΝοτιτΑτΕ
1823 3917 1824 3980 Ῑ
