3654 5644
744 797 901 855 ..85-

266 929 400 1026 degere
422 931 575 1008 beatam
595 939 709 1028 atque
729 953 768 1006 re
789 932 931 1006 rustica
949 931 1021 1004 frui
1041 932 1266 1028 potuissent.
1291 931 1374 1023 Sed,

265 1055 357 1129 dum
376 1055 494 1132 felicis
515 1057 600 1132 vitae
619 1057 693 1133 illis
713 1056 871 1130 minima
885 1077 991 1149 cura,
1008 1063 1143 1154 sponte
1163 1077 1235 1132 sua
1250 1056 1379 1131 miseri

265 1180 314 1254 ad
346 1181 593 1256 intortunium
630 1189 847 1282 properant,
888 1181 1026 1278 quippe
1064 1181 1128 1278 qui
1165 1182 1379 1256 futurarum

266 1301 529 1384 calamitatum
547 1307 693 1383 alienos
706 1287 889 1382 ¹auctores
908 1306 1065 1380 domum
1100 1307 1172 1404 ipsi
1191 1329 1267 1380 non
1296 1307 1378 1382 dieo

267 1433 465 1530 accipiant,
488 1433 556 1507 sed
575 1432 653 1506 fato
673 1433 800 1508 nescio
836 1453 911 1528 quo
945 1432 1136 1506 inducant.
1167 1434 1196 1506 Ο
1221 1439 1377 1529 pectora

267 1559 465 1632 hominum
484 1563 602 1632 caeca!
626 1580 648 1631 o
673 1559 836 1634 miseras
855 1565 1004 1633 mentes
1027 1561 1034 1629 t
1058 1559 1154 1631 Cum
1192 1558 1262 1632 hoc
1282 1559 1378 1655 peri·

267 1685 396 1758 culum
415 1706 440 1758 a
457 1682 660 1781 penatibus
689 1683 771 1758 suis
807 1690 978 1757 avertere
1007 1682 1252 1778 neglexerint,
1288 1683 1377 1756 nihii

265 1809 343 1882 iam
362 1809 435 1882 nisi
455 1808 562 1882 dolor
580 1814 619 1881 et
637 1808 829 1883 cruciatus
848 1808 886 1880 in
906 1807 983 1881 vita
1002 1807 1096 1904 ipsis
1115 1813 1298 1881 occurret.
1314 1809 1374 1900 Et,

265 1933 366 2029 quod
395 1933 652 2008 miserrimum
685 1941 756 2025 est,
795 1933 966 2006 omnium
1001 1933 1189 2008 malorum
1218 1953 1376 2008 suorum

263 2079 384 2174 causa
406 2057 445 2130 in
463 2058 569 2155 ipsis.

314 2177 400 2248 Non
420 2174 512 2248 mihi
537 2174 688 2270 quidem
714 2174 810 2249 satis
833 2180 992 2270 apparet
1015 2195 1082 2247 cur
1105 2173 1221 2248 talem
1241 2194 1262 2247 e
1286 2173 1378 2247 coti-

264 2300 376 2376 diana
396 2300 476 2374 vita
496 2307 692 2396 sumptam
712 2298 913 2374 materiam
933 2319 1112 2396 respuere
1148 2305 1186 2373 et
1203 2299 1334 2396 procul
1353 2321 1378 2372 a

263 2414 310 2500 se‘
329 2446 459 2500 arcere
483 2425 644 2522 scriptor
667 2423 816 2516 debeat,
841 2424 1053 2520 praesertim
1077 2445 1166 2498 cum
1194 2424 1275 2497 sine
1299 2424 1375 2497 ulio

267 2551 414 2624 virtutis
443 2549 745 2644 integritatisque
778 2549 1002 2622 detrimento
1035 2549 1257 2645 amplificari
1290 2571 1377 2645 pos-

264 2675 313 2749 sit
328 2675 339 2717 ¹
353 2735 361 2748 .

312 2799 419 2884 Quod
448 2800 602 2896 quidem
618 2796 800 2898 prudens
824 2800 998 2874 Goethius
1035 2799 1150 2874 iecit:
1178 2799 1374 2873 nonenim

261 2945 354 2998 casu
371 2932 439 2999 aut
461 2925 615 2999 fortuita
639 2945 758 2998 causa
781 2923 947 2999 Eduardi
967 2926 1172 3021 uxorisque
1196 2925 1374 2999 Carlottae

261 3049 419 3123 domum
439 3050 531 3147 duee¹
545 3049 679 3124 alienae
698 3070 872 3146 personae
891 3050 1032 3124 intrant
1050 3072 1061 3142 ;
1082 3051 1154 3124 has
1171 3049 1223 3122 illi
1242 3050 1374 3122 scien-

262 3181 320 3246 tes
339 3173 589 3273 volentesque
614 3175 663 3249 ad
691 3195 733 3248 se
757 3182 957 3250 arcessunt
984 3182 1022 3247 et
1044 3174 1082 3246 in
1109 3181 1268 3272 penates
1296 3174 1375 3248 alli-

261 3299 376 3372 ciunt.
399 3300 567 3375 Carlotta
594 3300 709 3392 enim,
735 3300 872 3374 marito
899 3300 1025 3394 magis
1047 3299 1245 3398 perspicax
1268 3300 1374 3373 vitae-

261 3442 336 3517 que
359 3423 529 3520 peritior,
561 3423 663 3498 haud
685 3424 836 3518 ignorat
864 3423 1092 3498 discordiam
1122 3425 1219 3498 inter
1248 3425 1372 3497 virum

262 3569 496 3644 uxoremque
516 3548 604 3622 oriri
624 3548 766 3644 saepius
785 3547 920 3640 solere,
950 3548 982 3622 si
1006 3548 1121 3622 modo
1145 3565 1373 3645 supervene-

293 3863 303 3898 ⁴
330 3861 427 3919 Immo
451 3863 516 3917 iure
540 3859 614 3916 mihi
638 3860 762 3929 quidem
787 3859 948 3918 Josuruus
973 3859 1188 3915 Hrmuoxnxu
1210 3860 1372 3930 scripsisse

142 3945 149 3963 '
257 3960 397 4016 videtur:
414 3959 513 4016 «Man
527 3958 614 4028 klagt
625 3959 699 4012 dher
713 3959 770 4013 hes
784 3955 979 4022 Unsittliche,
990 3957 1065 4012 uber
1074 3956 1199 4027 Mangel
1213 3969 1253 4012 an
1269 3972 1371 4013 mora-

257 4059 387 4114 lischem
404 4056 523 4124 Emete,
541 4057 615 4114 uber
629 4055 680 4112 die
693 4054 965 4124 ruhig-langsame
977 4052 1191 4125 Entraltung...
1207 4055 1369 4112 Zunrechst

258 4171 346 4212 muss
360 4155 515 4212 mansion
531 4153 726 4210 nuntreilich
750 4152 909 4218 wundem,
929 4152 989 4208 wie
1011 4153 1061 4208 die
1085 4153 1371 4211 sittenrichterliche

257 4254 360 4312 Kritik
375 4255 443 4310 hier
458 4253 629 4310 ubersehen
643 4266 725 4322 mag,
746 4249 817 4306 dass
832 4249 889 4305 doc
903 4247 1042 4306 Sitttiche
1052 4250 1165 4324 parade
1184 4249 1233 4307 die
1254 4267 1372 4310 wesen-

258 4351 376 4409 ttichate
390 4349 544 4408 Sedetana·
555 4349 607 4406 dee
620 4347 736 4405 Bucdes
750 4346 921 4405 emmeant.
935 4365 949 4400 a
965 4344 1037 4418 (Die
1053 4347 1193 4405 deutsche
1206 4347 1372 4408 matronat-

257 4449 416 4508 littcraiur
429 4448 475 4506 im
490 4461 586 4506 xvlu.
603 4446 670 4504 und
684 4461 753 4504 xix.
778 4443 1002 4513 Jatrtondert,
1019 4459 1057 4517 11,
1079 4461 1109 4518 p.
1125 4445 1200 4514 265).

1292 4547 1308 4597 6
