3680 5612
717 727 893 786 -lll-

254 869 396 940 intento
434 866 561 939 animo
599 860 953 952 considerabamus,
1001 859 1251 954 cognovimus
1293 879 1368 955 quo

255 992 366 1065 modo
386 999 424 1064 et
442 1012 518 1085 qua
537 989 681 1062 ratione
702 987 873 1060 fictiones
892 1005 985 1060 suas
1005 986 1198 1059 maximus
1213 987 1369 1060 Germa-

255 1138 391 1190 norum
421 1122 535 1212 poeta
557 1115 746 1205 informet,
777 1119 890 1208 atque
916 1132 961 1183 eo
985 1119 1115 1184 noster
1137 1112 1197 1184 hio
1221 1111 1372 1186 libellus

258 1242 395 1317 Goethii
424 1248 601 1315 naturam
630 1245 668 1312 ct
697 1239 891 1332 ingenium
924 1258 992 1333 000
1026 1257 1098 1311 sua
1127 1237 1298 1334 portione
1334 1238 1371 1309 in

260 1367 414 1441 meliore
461 1365 738 1458 illustrioreque
785 1363 926 1436 lumine
976 1362 1160 1436 collocare
1211 1363 1372 1437 tortasse

260 1493 394 1589 potuit.
417 1495 549 1586 Neque
570 1509 764 1580 renovare,
783 1509 904 1583 neque
921 1487 1149 1562 labefactare
1162 1489 1373 1584 praesertim

261 1617 378 1710 leges
409 1617 547 1710 quibus
573 1623 789 1688 nostrornm
810 1621 1026 1708 temporum
1050 1613 1223 1688 homines
1242 1635 1374 1709 000000

262 1747 552 1832 consueverunt,
585 1741 656 1814 sibi
689 1739 848 1835 scriptor
875 1738 1100 1835 proposuit余
1131 1739 1215 1813 illas
1248 1743 1375 1837 potius

263 1866 430 1941 stabilire
451 1873 488 1938 et
508 1865 732 1939 confirmare
752 1870 906 1960 exoptat
933 1885 944 1956 余
961 1885 1203 1958 nequaquam
1223 1865 1375 1940 turbare

264 1992 323 2064 vel
346 1990 567 2066 subvertere
587 1991 716 2064 civiles
738 1989 842 2083 leges
866 1996 903 2062 et
927 1989 1052 2062 officia
1075 1989 1163 2062 vitae
1186 1991 1225 2062 in
1248 1992 1375 2064 animo

186 2171 189 2178 -
262 2117 390 2208 habet,
420 2123 462 2189 ut
486 2116 567 2212 ipse
591 2115 696 2207 dicit,
723 2122 760 2188 et
784 2122 925 2206 tamen,
952 2115 1043 2186 dum
1067 2137 1135 2211 000
1157 2115 1265 2208 ignes
1288 2117 1378 2212 sup-

263 2242 409 2339 positos
444 2241 559 2314 cineri
596 2240 727 2313 doloso
765 2246 802 2312 et
838 2239 1026 2342 lubricum
1059 2240 1128 2312 iter
1164 2240 1374 2333 incedebat,

264 2366 375 2460 longe
410 2389 434 2439 a
466 2387 556 2439 vera
591 2365 652 2438 via
684 2384 848 2458 veraque
876 2365 992 2438 fertur
1023 2364 1193 2456 ratione余
1228 2365 1378 2459 ingenio

264 2492 501 2585 nimiumque
534 2488 708 2562 dulcibus
740 2488 855 2560 illiciti
889 2489 1031 2563 amoris
1065 2488 1379 2586 descriptionibus

266 2617 463 2710 indulget3
490 2615 582 2688 dum
608 2636 694 2709 quae
718 2614 860 2710 posteri
884 2615 1068 2687 mirentur
1091 2615 1254 2689 scribere
1278 2614 1381 2711 cupit

265 2743 496 2838 poetioaeque
520 2740 690 2814 facultati
714 2739 882 2812 immittit
906 2740 1089 2832 habenas,
1111 2761 1248 2837 parum
1273 2747 1380 2813 curat

266 2866 356 2960 quid
383 2865 472 2938 boni
492 2887 619 2940 mores
642 2871 815 2961 poscant.
843 2868 973 2960 ltaque
997 2866 1086 2960 quid
1108 2866 1157 2940 sit
1180 2865 1381 2962 pulchrum

268 2997 305 3064 et
343 2990 451 3064 dulce
490 2997 527 3065 et
565 2990 613 3064 ad
650 2990 857 3083 legentium
895 2991 1044 3065 animos
1085 2991 1382 3064 commovendos

268 3122 401 3211 aptum
426 3116 553 3212 potius
583 3137 699 3210 quam
731 3115 821 3210 quid
849 3115 897 3189 sit
930 3116 1071 3189 bonum
1105 3123 1142 3190 et
1169 3121 1315 3188 rectum
1346 3122 1383 3188 et

271 3239 359 3313 vitae
380 3241 471 3313 utile
491 3263 660 3335 quaerere
680 3240 855 3316 Goethius
876 3239 1032 3314 videtur.
1051 3242 1215 3316 Eduardi
1231 3241 1384 3317 0111110-

275 3385 348 3460 que
388 3385 540 3439 amores
578 3365 686 3438 dulce
724 3373 762 3438 et
798 3365 966 3439 suaviter
1008 3365 1216 3440 describere
1256 3367 1384 3464 potius

272 3511 389 3584 quam
409 3512 497 3564 cum
516 3490 679 3564 Mittlero
699 3490 936 3563 indelebilem
957 3493 1187 3565 matrimonii
1206 3493 1384 3566 sanctita-

271 3622 348 3688 tem
373 3616 470 3688 tueri
500 3616 674 3708 cogitat余
705 3637 826 3709 neque
859 3615 895 3687 id
926 3615 1077 3710 quidem
1107 3616 1268 3710 mirum,
1296 3639 1383 3690 oum

270 3739 482 3835 praesertim
502 3739 568 3812 tali
588 3739 700 3812 modo
720 3739 933 3835 praeteritas
952 3740 1073 3836 ipsius
1092 3763 1220 3833 ouras,
1242 3748 1384 3835 00010-

270 3863 384 3938 ritum
404 3879 575 3938 amorem
595 3865 902 3960 praeteritamque
927 3865 1167 3940 llammmam
1190 3872 1384 3940 veterum-

270 4011 344 4084 que
364 3990 574 4063 amicarum
594 3989 783 4086 poeticam
803 3991 967 4084 figuram
987 3992 1141 4087 pingere
1160 3999 1303 4089 posset.

321 4115 472 4188 Goethio
502 4122 632 4188 autern
660 4115 760 4188 idem
789 4115 923 4189 accidit
947 4117 1047 4212 quod
1075 4117 1282 4192 artificibus
1310 4117 1387 4213 ple-

274 4261 437 4335 rumque
459 4241 628 4314 accidere
648 4241 770 4315 solet:
794 4241 885 4313 dum
909 4243 946 4313 in
973 4249 1096 4315 mente
1119 4242 1219 4316 illius
1243 4243 1387 4315 inside-

276 4365 342 4439 bat
377 4366 516 4441 eximia
545 4365 722 4461 quaedam
752 4365 1040 4463 pulchritudinis
1072 4367 1239 4463 species,
1272 4389 1387 4461 quam

278 4490 430 4565 intuens
455 4491 493 4566 in
513 4513 633 4587 eaque
659 4491 803 4566 defixus
828 4492 876 4566 ad
900 4492 996 4566 hanc
1020 4493 1186 4589 speciem
1210 4492 1391 4586 effingen-
