3654 5644
675 765 714 783 -
737 735 795 798 tlt
813 769 853 785 -

254 871 334 944 Nec
365 870 510 942 minore
548 868 741 944 dulcedine
772 870 929 966 ideoque
968 870 1111 944 minore
1151 869 1317 966 periculo

66 987 70 995 '
206 992 356 1070 illicitus
371 993 506 1069 Ottiliae
525 1015 633 1070 amor
650 995 827 1092 pingitur.
850 994 992 1087 Puella,
1014 1016 1100 1091 quae
1120 1002 1199 1070 tam
1215 995 1315 1091 sapit

207 1125 363 1216 tamque
382 1120 572 1216 sapienter
590 1120 629 1192 in
647 1119 795 1194 tabellis
807 1119 948 1213 scribit,
964 1119 1056 1194 illud
1075 1125 1175 1193 certe
1194 1120 1318 1194 consi-

209 1243 341 1320 derare
359 1243 564 1338 debuisset,
594 1245 770 1320 Carlcttae
788 1245 1007 1320 Eduardum
1032 1265 1118 1320 esse
1138 1245 1317 1320 coniunc-

211 1378 307 1444 tum.
339 1371 415 1444 Sua
443 1371 482 1444 in
513 1370 734 1446 Eduardum
763 1369 903 1445 caritas
938 1378 977 1444 et
1014 1371 1192 1445 voluntas
1221 1368 1317 1444 adeo

211 1494 357 1592 poetice
368 1493 589 1570 describitur
607 1503 650 1569 ut
668 1515 739 1570 nos
754 1495 905 1590 quidem
924 1494 1044 1590 fugiat
1058 1495 1224 1570 Ottiliam
1243 1515 1320 1567 non
1378 1551 1384 1560 .

212 1617 320 1694 aliter
330 1626 444 1715 atque
463 1619 682 1695 Eduardum
697 1621 906 1694 maximum
925 1618 1130 1694 inmodum
1145 1639 1316 1716 peccare.

260 1748 393 1840 Neque
411 1745 563 1841 quidem
581 1747 652 1820 boc
666 1747 761 1822 satis
774 1753 858 1820 est:
880 1766 956 1820 non
975 1752 1018 1819 ut
1032 1745 1231 1844 culpanda,
1252 1743 1320 1819 sed

213 1868 339 1964 potius
357 1876 400 1943 ut
416 1869 544 1945 nescio
563 1891 649 1965 quae
667 1868 846 1944 salutaris
866 1876 904 1943 et
922 1869 1156 1944 emendatrix
1168 1869 1227 1942 vis
1239 1868 1321 1967 pin·

213 1995 314 2090 gitur
326 1993 462 2069 Ottiliee
474 1994 600 2088 libide,
617 2015 782 2090 namque
797 1994 970 2070 Goethius
991 2001 1074 2069 tum
1092 1993 1204 2069 nobis
1221 1992 1321 2068 affir-

212 2123 306 2209 mat,
328 2139 416 2191 cum
437 2117 663 2192 martimum
687 2124 745 2190 est
757 2114 1000 2216 periculum,
1027 2117 1189 2216 propriae
1216 2115 1321 2189 inno-

213 2240 347 2315 centiae
370 2241 598 2317 conscientia
616 2242 820 2318 sustentari
851 2242 1013 2338 bonique
1032 2262 1162 2316 eruore
1181 2241 1320 2316 confrr-

214 2366 311 2440 mari
324 2366 520 2460 virginem.
545 2391 564 2438 «
579 2364 732 2461 Ottilie,
746 2367 878 2463 inquit,
894 2375 1088 2464 yctraqen
1102 2364 1231 2440 durch
1244 2363 1321 2440 das

216 2489 365 2589 Gesrilrl
398 2491 507 2565 ihrer
545 2489 762 2586 UnecbuM,
792 2492 860 2567 aul
887 2491 974 2566 dem
1008 2494 1131 2587 Wege
1163 2514 1209 2566 zu
1234 2490 1321 2566 dem

215 2617 537 2692 erwunschtesten
559 2617 691 2710 Gldclr,
723 2616 800 2691 lebt
824 2638 896 2691 nur
921 2616 980 2692 st'rr
1003 2617 1167 2692 Eduard.
1194 2616 1322 2690 Durch

217 2739 276 2814 die
303 2740 415 2815 Liebe
452 2764 499 2816 zu
529 2742 607 2816 ihm
638 2742 679 2814 in
703 2738 825 2815 allent
853 2741 979 2818 Geren
1006 2739 1213 2840 qestaerlct
1255 2763 1321 2815 um
1455 2841 1457 2846 ,

216 2866 461 2942 seinetwillen
491 2867 679 2962 freudiger
708 2866 747 2939 in
772 2867 891 2942 ihrem
921 2867 1043 2960 Thun,
1064 2866 1323 2961 ausgescblos·

215 3011 326 3066 sener
349 3012 471 3087 gegen
493 2992 621 3085 andre,
650 2991 765 3066 findet
783 2993 838 3067 sie
857 2993 937 3068 sich
955 2993 993 3064 in
1012 2993 1134 3066 einem
1156 2991 1322 3066 Himmel

214 3116 282 3192 aul
294 3116 416 3190 Erden
435 3140 455 3188 »
477 3116 618 3214 (lxm).
640 3119 725 3190 Non
743 3115 857 3212 igitur
875 3117 913 3190 in
931 3124 1044 3210 terra,
1066 3116 1133 3191 sed
1162 3117 1200 3190 in
1225 3115 1321 3190 coelc

215 3241 353 3332 vivere,
381 3247 423 3314 ut
446 3241 499 3316 ita
521 3240 690 3332 dixerim,
712 3248 821 3338 putat
839 3241 975 3316 Ottilia.
1006 3244 1055 3316 Ut
1077 3241 1243 3338 primurn
1273 3239 1323 3314 ab

215 3365 451 3440 amatissimo
470 3365 550 3439 viro
569 3371 780 3463 separatur,
802 3386 918 3461 quarn
938 3364 1067 3440 dulces
1082 3373 1172 3440 sunt
1191 3385 1323 3440 aman-

220 3489 269 3565 tis
292 3490 428 3587 puellae
452 3512 567 3584 curae,
594 3511 680 3586 quae
703 3489 794 3564 nihil
823 3490 895 3566 nisi
918 3489 1097 3588 pericula,
1123 3489 1324 3584 inquibus

221 3612 421 3690 Eduardus
444 3622 630 3708 versatur,
655 3615 797 3709 cogitat
821 3619 828 3688 t
856 3640 875 3686 «
900 3617 1007 3689 Denn
1029 3615 1089 3688 ein
1112 3617 1222 3707 Herz,
1253 3614 1323 3688 das

219 3740 343 3833 sucht,
364 3739 459 3814 tuhlt
474 3739 586 3833 wohl,
607 3738 698 3814 dass
716 3739 795 3813 ibm
814 3746 934 3814 etwas
946 3740 1115 3834 mangle;
1136 3739 1196 3813 ein
1209 3741 1320 3832 Herz,

220 3864 289 3940 das
307 3863 477 3938 verioren
496 3865 574 3956 bat,
600 3864 709 3957 fehlt,
730 3864 821 3940 dass
843 3884 886 3938 es
910 3864 1101 3940 entbebre.
1129 3865 1171 3960 (l,
1193 3862 1320 3958 x111)..'.

218 3989 278 4064 Sie
302 3987 478 4063 traeuiute
506 3989 586 4064 sich
613 3990 652 4062 in
679 3989 738 4062 die
761 3989 933 4083 Fremde,
965 3989 1042 4062 und
1070 3990 1207 4062 immer
1236 3987 1325 4062 land

218 4113 274 4188 sie
292 4113 376 4188 dort
395 4115 500 4188 ihren
519 4113 666 4188 Freund
688 4135 699 4207 ;
725 4113 868 4190 seinern
887 4117 1032 4189 Herzen
1050 4135 1130 4188 war
1150 4112 1205 4188 sie
1228 4111 1326 4186 nccb

218 4238 355 4312 immer
384 4240 484 4313 nahe
518 4237 727 4332 gehlieben,
762 4259 803 4311 er
832 4239 918 4312 dem
949 4239 1094 4334 ibrigen
1109 4263 1128 4308 »
1152 4237 1194 4336 (l,
1216 4235 1323 4330 xvrr).

219 4365 353 4456 Nocte,
374 4363 534 4458 genibus
552 4364 652 4456 nixa,
674 4363 857 4456 arculam,
885 4364 923 4437 in
947 4385 1023 4460 qua
1041 4363 1206 4439 Eduardi
1229 4361 1328 4438 dona

222 4487 474 4582 includuntur,
505 4495 652 4585 spectat
669 4487 807 4583 Ottilia,
820 4495 857 4561 et
876 4489 1044 4565 absentis
1067 4489 1202 4564 dilecta
1226 4485 1329 4562 subit

1252 4628 1267 4676 8
