3654 5644
737 801 898 896 ⁶¹9⁹.-

271 936 388 1009 du'roh'
401 935 460 1008 die
469 987 471 992 -
481 931 1002 1030 Wottoerwondtochosten
1015 932 1116 1004 nicht
1130 931 1382 1024 autgehoben,

269 1059 326 1134 cla
351 1058 445 1134 dein
469 1059 617 1133 Hnuch
636 1057 761 1131 dorin
775 1055 967 1149 verraeth,
990 1053 1088 1128 does
1104 1078 1186 1129 tous
1202 1055 1292 1129 hier
1311 1055 1386 1128 der

270 1185 378 1260 Sitte
398 1182 698 1266 widerstreitet,
714 1179 790 1256 das
805 1181 964 1264 Beesre,
983 1179 1085 1254 molet
1098 1203 1178 1278 par
1192 1179 1269 1254 dos
1285 1182 1387 1257 Gnte
1498 1259 1509 1285 ε

256 1307 346 1382 sei:
364 1309 459 1384 Nur
484 1331 593 1382 menn
608 1305 683 1380 der
695 1305 869 1381 Dt'cltter
885 1303 1087 1412 Eduardo!
1100 1302 1182 1378 und
1198 1305 1387 1379 Chariet-

276 1445 360 1506 tens
394 1433 663 1506 moralischen
703 1429 912 1504 eteorum
953 1429 1075 1502 hoettc
1115 1428 1386 1528 beschoenr'yen

275 1555 415 1631 moilen
436 1559 492 1654 (er
511 1558 617 1631 laesst
636 1557 708 1629 den
726 1559 807 1649 Tag
826 1556 894 1629 aui
910 1556 968 1629 ein
989 1555 1228 1640 Verbrechen
1252 1556 1386 1628 leuch-

276 1681 367 1776 ten),
403 1679 547 1778 ditrfte
574 1705 668 1755 man
695 1678 831 1754 daran
861 1678 1027 1763 denken,
1065 1677 1140 1752 oter
1165 1677 1385 1752 Friedens*

275 1805 428 1880 schtuss
450 1807 490 1878 in
508 1805 719 1880 Hermann
740 1803 822 1878 und
841 1803 1051 1878 Dorotheou
1070 1804 1131 1876 sei
1150 1802 1388 1900 entltroeftet

277 1929 437 2004 worden
465 1931 527 2004 >).1
644 1935 645 1940 ’

324 2035 515 2148 Attamen,
537 2076 613 2128 uon
632 2056 702 2130 hoc
723 2064 811 2129 ante
832 2056 959 2129 omnia
978 2054 1127 2128 Goethio
1151 2053 1387 2150 propositum

278 2180 408 2272 tuisse,
430 2188 472 2253 ut
492 2181 607 2254 talem
631 2181 860 2254 sententiam
884 2181 1174 2272 demonstraret,
1201 2200 1270 2274 pro
1293 2199 1388 2253 nos-

276 2312 336 2378 tra
354 2313 463 2401 parte
481 2312 676 2401 putamus.
691 2306 776 2378 Sine
796 2306 871 2378 ullo
892 2305 1006 2378 dubio
1024 2309 1061 2378 et
1076 2303 1160 2376 libri
1174 2305 1332 2378 materia
1352 2311 1389 2378 et

277 2431 449 2504 materiae
470 2436 656 2505 tractatus
673 2431 756 2527 ipse
775 2431 865 2504 nihil
885 2431 961 2503 iere
979 2430 1051 2503 nisi
1072 2429 1222 2504 scelesti
1242 2436 1280 2502 et
1298 2429 1389 2504 mali

276 2557 313 2628 in
352 2556 582 2629 matrimonii
618 2556 842 2630 rescissione
877 2576 962 2630 esse
996 2555 1175 2647 ostendit,
1208 2560 1262 2646 et,
1299 2576 1388 2630 eum

275 2701 431 2754 necesse
455 2681 504 2754 sit
529 2680 712 2780 expiatio,
740 2680 805 2753 ubi
833 2681 922 2774 quid
950 2680 987 2752 in
1017 2680 1257 2754 matrimonii·
1275 2678 1389 2753 fidem

252 2812 476 2901 ‘peccatum
496 2813 567 2897 est,
594 2812 694 2878 certe
713 2806 790 2878 vhoc
814 2805 897 2902 ipso
925 2805 1067 2898 iugalia
1090 2805 1241 2878 vincula
1264 2805 1389 2900 rumpi

275 2950 351 3002 non
369 2947 484 3024 posse
502 2937 672 3026 apparet,
695 2930 871 3025 quamvis
893 2929 1078 3026 (repetam
1094 2928 1210 3023 enim)
1224 2949 1299 3001 non
1318 2929 1390 3002 hoc

276 3054 461 3146 Goethius,
474 3054 541 3128 sed
554 3054 642 3147 duo,
658 3075 745 3149 quae
758 3075 874 3152 supra
886 3055 1116 3145 notavimus,
1130 3054 1389 3128 demonstrare

277 3185 314 3250 et
334 3179 535 3274 explanare
554 3180 727 3253 voluerit.
758 3239 763 3248 .
788 3243 793 3247 .

325 3306 506 3376 Fatemur
528 3304 655 3398 igitur,
678 3312 715 3377 et
738 3303 835 3396 libri,
858 3305 923 3400 qui
941 3305 978 3376 A
983 3301 1190 3401 ffinttates
1211 3303 1389 3377 etectivae

276 3428 501 3512 inscribitur,
540 3429 721 3520 fautores,
752 3436 790 3501 et
809 3429 983 3503 Goethius
1007 3430 1088 3524 ipse
1108 3429 1271 3522 ingenue
1290 3427 1391 3502 affir-

277 3573 382 3626 mare
402 3560 620 3649 potuerunt,
635 3554 672 3625 in
684 3553 748 3627 illa
767 3554 857 3632 ficta
867 3553 1025 3628 historia
1038 3554 1269 3627 matrimonii
1283 3574 1391 3627 sanc·

277 3678 424 3756 titatem
452 3679 488 3750 in
521 3677 620 3752 bono
646 3679 789 3752 lumine
819 3679 1007 3771 collocari,
1043 3680 1110 3753 sed
1139 3700 1215 3752 non
1235 3667 1304 3752 ¹hic
1332 3684 1391 3752 est

277 3823 390 3876 verus
408 3808 446 3876 et
466 3803 571 3878 solus
604 3802 687 3875 libri
717 3803 815 3878 finis.
846 3789 1035 3899 Namque,
1066 3805 1099 3877 si
1129 3804 1183 3878 ita
1212 3825 1297 3878 sese
1330 3824 1391 3876 res

186 3965 191 3978 ·
275 3926 444 4020 haberet,
466 3948 542 4000 non
562 3927 764 4001 divortium
789 3930 869 4002 iure
901 3929 980 4001 fieri
1004 3949 1118 4025 posse
1143 3950 1285 4022 magna
1315 3928 1391 4002 elo-

276 4052 430 4146 quentia
449 4053 738 4126 contendentem
759 4053 964 4149 quemdam
985 4053 1159 4127 Goethius
1183 4052 1391 4127 induxisset

276 4197 398 4272 neque
432 4178 644 4274 praesertim
681 4178 888 4252 Mittlerum
926 4179 1233 4275 periculosiorem
1267 4177 1391 4251 iudicii

311 4458 511 4516 *Grundrtss
527 4459 581 4516 der
604 4459 778 4517 Gesehictte
801 4460 856 4516 der
879 4459 1040 4517 deutschen
1065 4459 1220 4536 Dichtunq
1248 4477 1304 4519 aus
1331 4461 1389 4518 den
1467 4454 1473 4466 '

279 4555 422 4622 onolton.
437 4559 531 4615 editio
546 4559 692 4627 secunda,
709 4570 897 4636 uncccuxn,
914 4571 936 4622 1,
952 4573 981 4628 p.
998 4557 1060 4615 857.
