3640 5620
742 789 899 849 ..34-

263 922 436 996 Goethius
468 944 556 996 cum
586 922 714 998 Minna
742 922 913 996 Herzlieb
943 921 1098 1014 habuit,
1133 922 1183 995 ab
1213 923 1374 996 chrico

264 1049 395 1120 Lcwes
413 1067 656 1142 nequaquam
675 1054 913 1143 perspectam
928 1067 1013 1120 esse
1030 1071 1037 1118 :
1057 1072 1076 1116 «
1093 1050 1238 1138 Lewes,
1254 1048 1377 1122 excla-

264 1179 357 1264 mat,
380 1173 445 1246 hat
464 1173 632 1267 schloclrt
661 1173 699 1244 in
731 1175 818 1246 lena
838 1172 1020 1266 gehorcht
1040 1171 1049 1212 ¹
1089 1196 1123 1245 n.
1146 1173 1259 1246 Haud
1279 1173 1373 1263 iure,

264 1297 396 1392 inquit,
418 1303 575 1393 putatur
593 1297 722 1371 Minna
741 1297 913 1372 Herzlieb
927 1299 964 1369 in
979 1297 1096 1370 alium
1114 1296 1241 1370 locum
1258 1297 1377 1371 missa

264 1441 363 1514 esse,
387 1427 428 1493 ut
457 1443 481 1494 a
504 1422 653 1495 Goethio
678 1428 948 1494 removeretur.
976 1424 1087 1512 lenae,
1110 1429 1281 1516 tempore
1301 1442 1376 1514 quo

265 1547 430 1641 prolecto
454 1547 591 1619 Goethii
612 1548 681 1642 ipsi
694 1547 806 1620 amici
822 1545 923 1619 illius
938 1546 991 1618 rei
1004 1546 1192 1620 maiorem·
1204 1545 1376 1618 notitiam

265 1671 487 1763 habebant,
519 1691 631 1744 nemo
663 1672 866 1767 quicquam
910 1670 955 1743 de
996 1670 1059 1744 illa
1096 1670 1376 1765 perturbatione

265 1797 381 1887 novit,
414 1817 500 1891 quae
529 1797 742 1870 amantium
773 1795 923 1869 animos
952 1795 1005 1868 ita
1024 1795 1307 1888 commovisset,
1335 1801 1376 1868 ut

264 1942 331 1994 eos
369 1920 503 1994 morbo
540 1920 756 1996 afficeret2.
791 1919 903 1994 Addit
940 1923 1136 1995 Dtinzerus
1169 1921 1376 1993 Henricum

266 2047 398 2120 Lewes
417 2067 492 2118 non
513 2051 661 2119 tantum
681 2046 880 2136 erravisse,
904 2044 971 2119 sed
990 2045 1106 2118 etiam
1117 2050 1251 2118 contra
1263 2044 1375 2118 fidem

264 2190 458 2266 peccasse,
498 2190 587 2243 eum
626 2170 779 2242 omnino
818 2169 1023 2262 neglexerit
1060 2145 1198 2242 Gtethii
1229 2168 1377 2263 epistu-

266 2293 356 2386 lam,
386 2295 433 2368 ad
458 2297 671 2389 Zauperum
699 2294 892 2390 scriptam,
921 2315 997 2388 qua
1021 2293 1160 2367 librum
1190 2313 1304 2367 suum
1330 2294 1379 2368 ad

268 2439 394 2492 mores
413 2425 585 2515 spectare
615 2425 728 2514 poeta
757 2415 1014 2509 allirmavit⁸,
1040 2425 1077 2490 et
1107 2440 1152 2492 ea
1179 2438 1265 2512 quae
1289 2417 1380 2490 Ser-

301 2675 310 2710 ⁴
334 2675 370 2731 V.
399 2677 568 2733 Hunnrotts
588 2677 773 2738 Demens,
799 2673 911 2743 Goellrc,
936 2669 1051 2728 Minna
1077 2671 1217 2728 Herrlicb
1241 2672 1307 2728 und
1332 2669 1381 2728 die

272 2769 658 2844 Wclrlocrrrondtscltaflcn
674 2775 704 2828 in
717 2793 729 2825 r
743 2770 892 2846 Mapaein
909 2770 964 2842 [τιν
983 2769 1032 2826 dic
1050 2769 1222 2827 Litteratur
1238 2770 1289 2826 des
1299 2769 1380 2826 Aus—

267 2867 374 2924 londes
394 2889 419 2935 v,
435 2883 619 2934 mmccccxx,
635 2871 687 2927 Nr.
702 2871 740 2927 20
753 2875 782 2926 et
796 2864 842 2927 212

300 2968 312 3004 ²
326 2969 394 3024 Non
405 2970 503 3024 solum
515 2971 581 3025 suis
590 2969 946 3039 argumentisDunzerus
962 2969 1078 3034 nititur,
1090 2967 1246 3023 sedetiam
1257 2968 1334 3022 libro
1345 2966 1380 3023 F.

266 3068 298 3124 S.
314 3067 519 3124 Fnouutnnr
532 3085 539 3122 :
558 3087 570 3120 r
584 3065 649 3122 Das
658 3064 924 3123 Frommcnnsclic
934 3065 1020 3121 Hauc
1032 3065 1095 3120 cred
1104 3064 1188 3121 scine
1201 3061 1344 3120 licando
1356 3083 1381 3127 ι,

267 3165 360 3226 Jenae,
373 3175 557 3227 uoooonxx,
570 3180 599 3234 p.
616 3163 660 3228 84,
673 3179 731 3234 sq..
748 3165 796 3221 ed.
809 3165 908 3226 tertia.
921 3164 1123 3234 stuttgartiee,
1136 3174 1381 3224 uoooonxxxrx,

268 3277 297 3331 p.
320 3261 452 3319 118-121.
475 3262 555 3317 Dicit
574 3263 655 3317 onim
676 3262 909 3318 Fnouunnnos
929 3261 1010 3316 haec:
1041 3280 1054 3312 i
1075 3261 1175 3316 Soviel
1195 3261 1235 3315 ist
1255 3260 1381 3330 gewiss,

267 3361 342 3415 dass
364 3374 397 3414 er
421 3361 584 3428 [Goetlrius]
599 3359 678 3415 coeli
698 3360 750 3414 nie
773 3376 817 3415 cn
836 3359 927 3414 ihren
946 3357 1047 3414 Recita
1067 3357 1193 3431 pedccht
1216 3357 1305 3414 leot...
1330 3357 1382 3413 Sic

268 3457 436 3525 [Minclrcn]
452 3458 505 3513 hat
519 3473 559 3512 an
575 3459 628 3512 ilm
642 3455 741 3512 sicltcr
758 3473 816 3530 por
835 3456 920 3513 nicht
932 3453 1134 3530 posclrricten.
1156 3456 1241 3511 Dazu
1256 3470 1322 3510 war
1336 3456 1382 3512 sie

268 3553 328 3610 viel
340 3571 379 3610 cn
394 3553 576 3610 sclrttclrtcrn
594 3553 661 3610 und
675 3553 888 3625 schreibsaul»
910 3559 951 3623 (p.
969 3553 1043 3618 121).
1061 3553 1099 3608 Et
1114 3554 1247 3623 prolecto
1267 3553 1382 3609 Minnee

269 3633 383 3708 sodalis
399 3653 523 3721 peritior
540 3657 605 3710 erat
621 3668 714 3722 quam
729 3653 837 3709 Lewes
861 3655 915 3708 aut
929 3652 1071 3708 Stahrius
1087 3652 1250 3720 prolessor,
1271 3653 1322 3720 qui
1343 3651 1382 3706 ad

269 3751 520 3812 Frommannum
542 3751 651 3820 puellae
671 3752 803 3806 amioum
824 3755 854 3806 et
874 3751 962 3818 quasi
982 3750 1117 3812 tratrem,
1134 3750 1267 3818 scripsit,
1294 3753 1326 3804 ut
1350 3764 1383 3804 se

267 3850 417 3904 edoceret.
444 3848 490 3904 Cl.
515 3853 618 3904 tamon
643 3864 712 3917 quac
737 3849 906 3905 Ennusros
930 3849 1205 3904 Lrorrrurtuunosn
1225 3847 1348 3916 scripsit
1375 3864 1382 3901 :

269 3965 282 3997 ι
302 3946 383 4002 Mais
402 3962 436 4002 ce
452 3947 528 4002 [rere
547 3951 620 4017 peut
634 3961 668 4000 se
687 3949 821 4015 tromper
837 3963 844 4000 z
865 3948 1019 4016 pout-otro
1035 3947 1133 4000 meme
1148 3959 1184 4000 sa
1199 3938 1279 4013 pitto
1293 3944 1385 4000 filiale

266 4045 511 4114 l'cngage-t-clle
522 4045 540 4099 a
551 4045 660 4099 lermer
675 4044 719 4098 los
733 4059 812 4113 your
826 4057 879 4098 sur
895 4046 973 4098 cette
988 4043 1148 4112 passion...
1167 4041 1385 4098 Enattenuant

267 4140 296 4196 la
315 4143 395 4197 lorcc
414 4143 470 4198 des
488 4143 670 4196 sentiments
688 4142 726 4197 de
751 4142 812 4196 l'un
832 4141 915 4196 etde
934 4141 1050 4201 l'autrc,
1071 4153 1110 4195 nc
1135 4139 1228 4194 tait-il
1249 4153 1305 4209 pas
1326 4153 1386 4194 une

267 4241 407 4310 apologie
418 4240 562 4295 indirecte
578 4241 615 4294 ele
630 4240 660 4294 la
674 4239 816 4295 condutio
826 4239 865 4294 de
876 4252 927 4293 ses
943 4240 1067 4306 parents
1086 4237 1100 4292 ‘l
1121 4255 1134 4287 t
1151 4233 1327 4302 (Etudesur
1341 4236 1385 4294 les

263 4335 378 4408 potstas
399 4335 532 4408 tyriqucs
557 4335 593 4390 dc
617 4335 730 4399 Goetlrc,
754 4336 847 4391 editio
868 4335 1014 4396 secunda,
1036 4335 1164 4390 Lutetiae
1185 4333 1383 4396 Parisiorum,

268 4445 522 4516 uoooocuxxxn,
540 4449 569 4504 p.
586 4433 660 4498 311).

303 4531 315 4566 ⁸
331 4532 367 4588 V.
385 4533 462 4588 intra
472 4531 530 4588 hoc
541 4532 699 4600 scriptoris
710 4532 807 4601 ipsius
822 4530 1045 4588 testimonium:
1059 4527 1140 4584 Pars
1151 4527 1259 4593 alteru,
1272 4529 1346 4602 Cap.
1359 4543 1381 4589 1.
