3576 5622
719 863 743 876 ..
777 830 815 890 33
836 862 876 874 ..-

292 955 490 1041 Contendit
505 964 606 1036 enirn
626 963 918 1036 (trimmverum
935 962 1059 1057 operis
1069 961 1359 1034 tundamentum

243 1112 328 1165 esse
356 1089 394 1163 in
418 1088 540 1184 primo
563 1088 626 1162 illo
651 1089 789 1162 Goethii
819 1110 907 1161 cum
935 1087 1104 1162 Carlotta
1131 1087 1233 1161 Stein
1257 1107 1362 1160 com-
1480 1127 1485 1138 ·

245 1215 384 1288 mercio
407 1236 417 1306 ;
438 1213 603 1288 Eduardi
623 1219 660 1286 et
680 1214 857 1288 Carlottae
876 1213 1195 1287 necessitudinem
1216 1212 1253 1285 in
1274 1211 1364 1286 licta

244 1340 403 1414 historia
420 1338 597 1413 eamdem
616 1359 703 1412 esse
721 1346 835 1434 atque
851 1360 951 1431 eam,
966 1358 1083 1434 quarn
1097 1338 1235 1412 Goethii
1250 1337 1363 1411 amici

246 1465 426 1538 Vimariae
446 1463 672 1557 habuerunt,
688 1472 726 1537 et
745 1463 1080 1558 perturbationem,
1098 1485 1215 1558 quam
1238 1462 1366 1537 Ottilia

246 1590 284 1661 in
301 1589 453 1663 baronis
468 1596 624 1684 penates
637 1589 775 1680 attulit,
790 1588 1023 1663 simillimam
1037 1609 1122 1663 esse
1136 1587 1232 1679 eins,
1248 1607 1365 1683 quam

247 1714 423 1787 Goethius
456 1714 600 1810 ipsein
630 1713 769 1786 familia
810 1713 881 1788 sibi
911 1713 1145 1787 amicissima
1173 1711 1362 1786 excitauit.

246 1841 466 1913 Hermanno
478 1837 623 1912 Grimm
639 1838 671 1912 si
688 1839 833 1931 creden,
857 1838 986 1913 sabula
1003 1860 1076 1912 sua
1095 1838 1269 1912 Goethius
1288 1836 1367 1909 cul·

245 1985 477 2060 pam,quam
491 1963 902 2056 commisit‚conlessus
913 1971 1085 2056 est‚cum
1099 1983 1165 2058 per
1178 1962 1365 2058 quosdam

248 2109 372 2162 annos
401 2088 439 2160 in
459 2089 676 2162 condicione
696 2089 867 2163 moribus
898 2089 1038 2163 nostris
1063 2088 1252 2162 contraria
1277 2105 1366 2160 ver-

249 2220 362 2290 satus
387 2219 458 2288 est.
483 2215 580 2287 Cum
605 2198 766 2287 iamdiu
796 2220 909 2309 poeta
927 2214 1044 2311 animi
1073 2214 1267 2287 cruciatus
1286 2219 1367 2286 arto

249 2338 462 2434 exprimere
496 2345 696 2432 statuerat,
728 2339 799 2412 hac
831 2339 869 2410 in
892 2361 932 2412 re
966 2339 1057 2411 nihil
1088 2346 1226 2434 praeter
1259 2357 1367 2411 occa-

249 2461 397 2537 sione'm
418 2485 641 2559 supremam
660 2469 697 2536 et
716 2464 826 2558 quasi
846 2464 1024 2537 ultimum
1042 2463 1252 2561 impulsum
1271 2463 1368 2537 desi-

250 2587 419 2662 derabat.
455 2589 546 2672 Quae
584 2589 733 2663 occasio
768 2588 801 2662 ei
832 2589 960 2663 oblata
994 2595 1065 2682 est,
1103 2589 1167 2662 nbi
1201 2589 1367 2685 primum

250 2713 378 2787 Minna
398 2713 570 2787 Herzlieb
592 2715 764 2788 animum
786 2715 868 2789 eius
887 2715 1105 2788 commovit.

298 2838 406 2923 Quod
429 2839 462 2912 si
487 2846 586 2912 recte
617 2840 759 2913 dictum
787 2847 902 2932 esset,
931 2840 1088 2915 historia
1119 2845 1251 2913 nostra
1281 2839 1368 2914 ficta

253 2987 272 3034 c
308 2983 405 3059 opus
435 2969 550 3058 alque
582 2963 853 3039 documentum
881 2966 1111 3060 poenitentiae
1148 2990 1168 3034 »
1201 2966 1369 3060 putanda

253 3096 355 3162 esset
375 3109 495 3183 eoque
515 3090 628 3163 modo
648 3090 697 3164 ad
715 3091 923 3184 legentium
942 3091 1091 3165 animos
1110 3090 1369 3164 emendandos

253 3213 380 3286 valere
404 3220 546 3308 posset.

302 3337 373 3409 Sed
404 3337 515 3412 istius
544 3338 737 3434 scriptoris
768 3339 956 3414 sententia
984 3360 1060 3412 non
1092 3341 1216 3434 magis
1252 3362 1368 3435 quam

254 3462 422 3556 priorum
459 3463 673 3536 criticorum
709 3465 870 3538 Henrico
906 3467 1078 3538 anzero
1108 3465 1269 3560 probata
1294 3473 1365 3540 est.

252 3589 366 3678 Nam,
400 3587 435 3659 ei
466 3588 498 3661 si
526 3588 706 3682 confidas,
740 3589 805 3662 ubi
829 3596 1044 3686 temporum
1065 3591 1234 3663 ordinem
1259 3612 1369 3687 repu-

254 3718 395 3806 tamuS,
418 3713 520 3787 nullo
549 3714 662 3786 modo
687 3715 851 3807 intellegi
880 3722 1018 3810 potest,
1043 3737 1195 3789 cursen
1215 3737 1369 3792 menses

253 3837 500 3931 praeterierint
537 3839 633 3911 inter
666 3839 704 3911 id
727 3845 893 3935 tempus
925 3861 1000 3934 quo
1029 3841 1203 3915 Goethius
1230 3841 1368 3915 iterum

254 3962 433 4054 Minnam
462 3963 609 4063 vidit,et
628 3963 677 4056 id,
706 3985 781 4058 quo
806 3965 974 4060 suscepit
997 3963 1247 4062 Affinitatem
1271 3965 1369 4041 elec·

259 4086 366 4159 tivae
379 4087 610 4163 scribendae.
634 4091 731 4162 Cum
750 4096 880 4163 autem
900 4131 946 4142 -
966 4091 1088 4186 pergit
1107 4093 1303 4167 Dilnzerus
1322 4133 1368 4144 -

254 4211 401 4284 Grimm
428 4212 689 4287 demonstrare
713 4220 872 4288 conatur
901 4214 974 4288 sub
1004 4203 1134 4288 lictum
1162 4216 1297 4291 Ottiliae
1320 4218 1369 4290 ad

256 4336 477 4411 Eduardum
502 4345 539 4410 el
563 4339 769 4413 Carlottam
794 4339 1001 4414 adventum
1025 4342 1159 4414 eadem
1180 4342 1366 4435 evenisse,

257 4482 343 4556 quae
376 4461 449 4535 sub
486 4463 623 4538 Goethii
642 4484 843 4539 accessum
866 4463 913 4539 ad
939 4466 1108 4539 amicum
1127 4487 1242 4540 suurn
1267 4468 1369 4540 Stein

257 4586 414 4682 eiusque
446 4609 616 4682 uxorem,
653 4589 886 4686 comparatio
920 4598 1020 4665 certe
1051 4613 1127 4665 non
1160 4599 1218 4667 est
1250 4600 1365 4686 recta,

1493 961 1608 1020 Gnnru
