3640 5620
726 832 885 890 ...Η-

260 967 351 1040 utile
377 968 541 1063 vitaeque
572 968 749 1040 idoneum
781 949 865 1038 esse
886 972 1000 1060 atque
1020 964 1225 1061 plurimum
1246 969 1371 1043 valere

215 1125 217 1132 ·
261 1093 309 1165 ad
324 1093 531 1196 legentium
559 1093 708 1166 animos
728 1091 997 1164 emendandos.
1022 1092 1156 1165 Scribit
1175 1093 1276 1166 enim
1297 1116 1371 1194 non

262 1218 387 1290 solurn
420 1217 563 1292 dicendi
595 1237 731 1312 genere
761 1224 799 1289 et
829 1215 1013 1289 industria
1044 1217 1270 1310 verborum,
1305 1220 1372 1294 sed

263 1343 378 1415 etiam
409 1342 574 1438 perfecta
603 1343 801 1415 honestate
827 1347 941 1434 atque
973 1340 1154 1433 gravibus
1182 1349 1220 1416 et
1245 1345 1372 1439 exqui-

265 1467 349 1541 sitis
377 1466 678 1562 quaestionihns,
709 1466 754 1538 dc
785 1464 926 1560 quibus
959 1465 1199 1562 disputatur,
1234 1470 1372 1542 Goethii

266 1613 362 1687 opus
382 1613 467 1666 esse
487 1592 670 1687 optimam
691 1592 856 1686 speciern
888 1598 926 1663 et
945 1592 1054 1685 qnasi
1075 1595 1248 1692 ‘typum'
1269 1595 1373 1668 licta-

265 1739 349 1791 rum
376 1717 642 1808 historiarum,
676 1737 762 1811 qnae
791 1716 943 1811 quidern
968 1716 1016 1788 ad
1048 1737 1109 1790 res
1143 1717 1374 1794 domesticas

264 1843 478 1937 civiumque
503 1841 626 1914 officia
657 1842 867 1936 pcrtinent3
903 1861 1017 1935 quern
1042 1848 1172 1915 autem
1193 1847 1371 1942 ‘typam’

262 1967 365 2039 nullo
380 1987 564 2061 nmquam
579 1965 785 2038 recentiore
799 1987 911 2060 opere
932 1973 1126 2060 aequatum
1146 1988 1231 2041 esse
1248 1976 1369 2064 putat.

264 2117 283 2162 «
311 2092 359 2164 So
373 2092 485 2182 steht,
508 2091 641 2186 inquit,
665 2090 788 2163 dieser
806 2090 957 2163 Roman
976 2087 1120 2162 ander
1138 2091 1281 2188 Spitae
1299 2090 1374 2165 der

264 2213 478 2288 modernen
497 2213 806 2288 Sociolromone
827 2214 903 2286 und
927 2214 976 2287 ist
999 2215 1058 2287 fiir
1080 2215 1152 2288 alle
1177 2215 1374 2311 folgenden

264 2344 302 2414 in
321 2341 444 2414 seiner
478 2340 778 2413 kiinstlerischen
805 2338 1124 2412 Durchdachtheit
1150 2337 1227 2413 dos
1252 2363 1374 2414 uner-

267 2465 478 2540 rer'chbare
494 2461 661 2538 Vordz'ld
674 2463 937 2558 geworden>›.¹
952 2464 1018 2537 llio
1031 2465 1275 2574 celeberrimo
1286 2469 1375 2539 Ger-

267 2592 415 2666 rnanico
441 2590 613 2685 scriptori
635 2590 668 2662 si
690 2589 939 2680 confidamus
969 2588 1055 2662 licct
1075 2598 1198 2685 poetae
1224 2611 1286 2665 res
1312 2593 1376 2665 fic·

266 2725 326 2791 tas
356 2716 533 2790 scribenti
563 2715 763 2810 explanare
795 2715 985 2809 quomodo
1023 2715 1249 2809 cupiditates
1286 2738 1373 2790 curn

266 2841 414 2936 legibus
439 2848 477 2913 et
503 2840 674 2912 moribus
708 2846 745 2911 et
773 2838 971 2912 honestate
1008 2849 1208 2935 pugnent3
1255 2843 1374 2915 irnrno

263 2965 495 3040 necessario
516 2965 557 3037 fit
578 2964 666 3038 talis
685 2965 911 3059 explanatio
934 2971 977 3036 ut
998 2965 1109 3061 plane
1130 2965 1309 3042 efferatur
1337 2975 1374 3041 et

265 3093 301 3164 in
325 3091 408 3164 luce
436 3096 599 3185 ponatur
622 3088 858 3185 propositum
883 3089 1039 3180 morale,
1063 3089 1164 3183 quod
1202 3091 1370 3186 profecto

265 3223 323 3290 est
346 3215 464 3288 totius
487 3214 612 3310 operis
636 3213 720 3286 fons
744 3219 782 3285 et
800 3213 909 3307 quasi
930 3212 1240 3288 fundamentum:
1266 3219 1376 3290 «Das

265 3340 409 3415 Urtheil
427 3338 601 3429 dariiber,
617 3338 779 3433 scripsit,
791 3359 869 3410 war
884 3359 983 3410 zwar
999 3338 1121 3432 gleich
1140 3360 1215 3411 von
1227 3341 1376 3433 Ansang

267 3487 314 3540 an
334 3466 394 3538 cin
413 3464 502 3538 sehr
522 3461 733 3556 getheilteS,
761 3462 857 3535 doch
886 3469 1025 3535 stiitzte
1052 3463 1133 3536 sich
1170 3464 1236 3536 der
1261 3466 1375 3539 Tadel

267 3589 377 3664 thcils
396 3588 463 3662 auf
479 3588 537 3660 die
558 3587 727 3678 Ansicht,
750 3587 839 3660 dass
859 3587 924 3659 der
944 3588 1094 3660 Roman
1116 3588 1202 3661 dern
1218 3590 1377 3664 Fatalis·

268 3735 355 3788 rnns
374 3714 443 3787 das
462 3715 573 3785 Wort
589 3711 688 3803 rede,
707 3711 817 3784 theiis
830 3713 959 3784 rdhrte
975 3734 1015 3785 er
1029 3736 1104 3785 von
1119 3713 1231 3786 einer
1245 3738 1377 3811 gyrans-

266 3837 395 3912 dt'clten
421 3834 684 3932 Verlcennonq
712 3833 781 3907 oles
803 3835 1175 3930 tiefernsittlichen
1207 3837 1374 3914 Gehatts

265 3961 341 4036 der
367 3961 575 4059 Dichtcny
603 3963 662 4035 als
690 3961 793 4035 eines
822 3962 1074 4036 kiinstlcrisch
1105 3963 1376 4057 ansgeitihrtcn

266 4091 416 4162 Ganzcn
435 4089 515 4180 her,
538 4087 655 4159 worin
674 4085 793 4160 selbst
813 4086 881 4160 das
902 4109 947 4159 zu
968 4087 1155 4162 berdhrcn
1176 4088 1267 4161 oder
1278 4089 1376 4162 auch

264 4213 514 4308 cingchcndcr
537 4235 583 4285 zu
608 4211 837 4303 behandcln,
865 4233 944 4284 was
969 4213 1006 4284 in
1027 4213 1151 4286 seiner
1170 4213 1378 4287 Besondcr·

299 4471 307 4504 ⁴
325 4467 498 4525 Gcschicdtc
512 4467 568 4523 dor
579 4466 742 4523 deutschen
757 4464 1074 4533 Nationaltitteratar‚
1091 4469 1185 4524 editio
1200 4470 1317 4538 quinta,
1331 4483 1376 4534 tv,

266 4567 341 4624 Pars
356 4581 392 4634 11,
408 4567 530 4636 Lipsiae,
547 4577 772 4628 Mncocnxxru,
788 4563 803 4636 ᾖ
818 4565 880 4628 143,
897 4580 926 4634 p.
943 4565 1007 4620 941.
