3576 5622
703 833 861 892 ..65-

229 967 345 1040 monii
359 968 577 1041 institutum
611 967 785 1041 defendat
817 987 866 1039 ab
901 966 1079 1062 praedicet
1113 964 1340 1061 cupiditates

227 1113 312 1166 esse
333 1094 574 1186 coercendas,
597 1100 726 1166 utrum
755 1091 803 1165 ad
833 1091 1066 1165 laudandum
1098 1087 1339 1164 abstinentiae

226 1218 303 1290 vim
325 1216 534 1291 salutarem
554 1239 603 1291 ab
623 1217 736 1291 modo
757 1217 805 1291 ad
824 1215 1031 1310 legentium
1051 1216 1202 1290 animos
1221 1215 1342 1288 deleo-

228 1343 366 1417 tandos
389 1344 554 1440 scriptus
588 1343 637 1417 sit
659 1365 669 1435 ;
706 1343 802 1418 sitne
832 1343 992 1437 denique
1027 1349 1134 1416 ortus
1153 1363 1198 1414 ex
1219 1348 1341 1435 poetae

230 1468 371 1561 animo,
394 1470 459 1564 qui
489 1469 679 1543 honestati
714 1489 940 1562 morumque
966 1465 1166 1564 praeceptiS
1193 1465 1341 1540 diffisus

230 1601 352 1687 esset,
380 1615 426 1668 ea
445 1594 573 1668 omnia
593 1616 616 1668 a
636 1593 906 1670 recentissimis
922 1592 1059 1666 criticis
1083 1591 1286 1688 explanata
1304 1596 1343 1663 et

229 1718 267 1789 in
287 1718 410 1792 lucem
432 1718 579 1815 prolata
599 1727 700 1794 sunt.

750 1939 823 2030 §11

434 2083 486 2140 DE
512 2084 561 2140 IIS
584 2083 661 2150 QUI,
687 2083 850 2141 NOSTRIS
873 2081 1136 2146 TEMPORIBUS,

617 2199 824 2256 GOETHIANI
849 2199 951 2256 LIBRI

379 2315 585 2390 VIRTUTEM
617 2315 817 2374 MORALEM
847 2315 1191 2374 IMPUGNAVERUNT

834 2467 880 2506 ute
892 2467 962 2506 oetter
969 2467 1053 2508 Goetbe
1061 2467 1154 2512 wurde.
1162 2466 1234 2507 desto
1242 2465 1343 2505 undeet·

810 2531 880 2568 eebor
892 2530 979 2571 wurde
992 2537 1019 2568 er
1032 2543 1049 2567 ι.

1048 2593 1184 2640 (heboricus
1196 2593 1286 2642 Τιιεκ).

834 2703 842 2725 ι
855 2691 918 2731 (rest
929 2698 957 2730 ee
970 2691 1027 2739 qu'tl
1040 2699 1056 2730 a
1070 2689 1116 2731 tait
1128 2690 1159 2730 do
1175 2692 1234 2740 ptus
1245 2689 1342 2730 bitom

811 2753 879 2792 etde
892 2755 948 2800 ptus
959 2753 1130 2801 antffranpato
1144 2767 1159 2791 ι.

1122 2815 1257 2864 (Minium.

277 2915 376 2987 Inter
413 2913 557 3009 primos
598 2916 787 2990 Goetbiani
828 2915 911 2991 libri
951 2918 1237 3012 obtrectatores,
1278 2919 1342 3013 qui

229 3037 381 3132 quidem
405 3046 518 3134 poeta
551 3048 702 3115 mortuo
726 3043 961 3136 exstiterunt,
989 3046 1036 3117 H.
1064 3046 1209 3118 Grtzoo
1241 3064 1340 3117 anno

229 3184 404 3237 boecoxm
419 3165 495 3237 iarn
514 3167 655 3261 optime
674 3167 910 3242 demonstrat
927 3176 1114 3264 quantum
1131 3169 1342 3266 perieulum

230 3288 401 3362 moribus
425 3289 606 3364 afferatur
633 3293 698 3365 tali
731 3292 839 3385 libre,
874 3315 949 3389 quo
982 3315 1091 3367 arnor
1124 3301 1342 3369 nostrorum

230 3418 446 3508 temporum
467 3414 615 3508 legibus
634 3426 749 3514 atque
769 3418 881 3491 officii
913 3419 1113 3515 praeceptis
1133 3419 1343 3493 abhorrens

229 3536 535 3630 flagranbssimis
564 3542 691 3616 verbis
724 3543 936 3639 descriptus
974 3544 1049 3618 sit:
1085 3569 1103 3614 o
1146 3543 1201 3616 Es
1226 3540 1338 3641 qibt,

229 3661 368 3757 inquit,
399 3661 640 3749 Geronton,
673 3665 796 3740 deren
829 3665 974 3740 blosses
1011 3666 1341 3741 Vortonotensem

229 3787 347 3861 sebon
365 3788 692 3897 eineHondIrtnq
725 3794 777 3864 ist
807 3791 889 3866 unct
914 3792 1164 3867 serstoereod
1190 3793 1313 3867 eoirlet
1329 3823 1340 3878 ;

117 3999 122 4009 Ι
227 3911 313 4008 yz'bt
334 3912 450 3986 iltneo
470 3937 549 3987 oren
572 3913 751 3989 vellendo
771 3915 838 3989 die
862 3917 1069 4015 Dr'elttttny
1094 3917 1223 3992 doreb
1256 3917 1343 3992 iltre

228 4035 496 4136 Dorstelluny
518 4041 631 4113 ee'nen
653 4040 917 4116 eetlreriselten
946 4043 1133 4142 Keerper,
1164 4068 1208 4116 so
1237 4043 1344 4116 eoiret

228 4161 295 4235 die
309 4164 445 4236 innere
457 4165 495 4236 Z
498 4173 723 4265 erstoerrtny
740 4167 1010 4267 tarteenclfeelt
1024 4169 1340 4268 sortqepflonet;

228 4285 378 4361 diesem
402 4288 600 4389 Vorroers
609 4291 716 4364 wirot
731 4315 824 4366 man
840 4294 1018 4367 Portz'en
1037 4293 1112 4367 der
1131 4291 1345 4368 Waltloer·

228 4411 556 4514 wondtsebaften
573 4416 807 4492 ocbeoerlieb
825 4419 1040 4493 entoz'eben.
1073 4419 1121 4490 »¹

264 4675 273 4711 ¹
291 4672 350 4730 Die
365 4675 504 4732 deutsche
518 4674 670 4750 poetisebe
689 4673 871 4747 terreretur,
886 4676 1008 4746 Lipsiae,
1024 4686 1199 4738 MDOOme,
1220 4689 1249 4743 p.
1265 4671 1318 4730 300
1333 4686 1341 4736 ;
