3576 5622
924 805 1112 882 -36-ρ

443 937 501 1011 vis
513 937 608 1010 inter
620 957 662 1010 se
678 937 842 1012 maxime
854 937 1104 1026 consentiant,
1119 957 1243 1033 neque
1253 937 1412 1009 omnino
1414 933 1554 1032 fictas,
1661 961 1666 970 ·

443 1084 567 1160 neque
590 1071 757 1136 cunetas
777 1085 832 1135 erc
858 1069 987 1136 arente
1016 1067 1138 1159 atque
1158 1061 1406 1158 capitatione
1423 1067 1557 1158 poetcc

443 1195 557 1260 ortas
576 1210 673 1260 esse.
696 1189 928 1262 Persuasum
948 1187 1049 1260 enim
1068 1186 1160 1260 milri
1180 1186 1303 1260 habeo
1326 1187 1364 1257 in
1384 1185 1456 1260 iilis
1472 1206 1555 1281 per-

442 1313 547 1387 sonis
566 1312 707 1408 aliquid
725 1312 803 1385 veri
823 1335 921 1388 esse.
952 1315 1000 1386 Ut
1024 1312 1184 1404 sciebat,
1207 1311 1278 1385 hoc
1297 1311 1335 1382 in
1354 1310 1449 1384 libro
1469 1312 1555 1384 Gne

444 1437 547 1512 thius
567 1459 753 1534 personas
772 1459 866 1512 suas
884 1459 959 1511 non
978 1439 1032 1511 ita
1051 1439 1169 1529 finxit,
1184 1444 1225 1510 ut
1237 1444 1365 1511 essent
1377 1456 1556 1530 quorum-

443 1561 532 1634 dam
562 1563 774 1655 bnminum‚
806 1584 904 1657 quos
933 1563 1013 1658 ipse
1041 1570 1212 1652 noverat,
1243 1561 1459 1652 simulacra,
1489 1560 1555 1634 sed

443 1687 622 1761 utebatur
641 1687 924 1782 quodammodo
944 1686 1116 1760 moribus
1135 1707 1281 1778 eorum,
1295 1687 1359 1781 qui
1371 1693 1556 1759 antecen-

444 1811 502 1886 lcs
532 1812 793 1887 versabantur.
826 1815 922 1886 Cum
952 1813 1006 1886 ita
1028 1833 1090 1886 res
1112 1833 1154 1887 se
1180 1812 1332 1902 habeat,
1366 1819 1403 1884 et
1431 1811 1558 1882 Minna

444 1936 617 2011 Herzlieb
637 1945 675 2010 et
698 1937 827 2012 fabula
851 1938 896 2010 de
921 1940 1058 2012 Sancta
1080 1937 1206 2013 Ottilia
1231 1937 1395 2041 Alsatica
1418 1944 1455 2009 et
1475 1934 1558 2008 aliae

444 2062 582 2136 Goethii
615 2064 750 2137 amicae
781 2071 904 2159 poetae
937 2063 1098 2137 tortasse
1131 2062 1307 2157 quadam
1331 2061 1558 2134 lineamenta

443 2187 699 2282 praebuerunt,
721 2210 807 2283 quae
827 2188 1004 2262 adhibere
1019 2189 1141 2284 potuit
1157 2187 1206 2260 ad
1224 2187 1359 2261 Ottiliae
1372 2187 1558 2284 poeticam

443 2333 644 2406 personam
664 2313 893 2406 fingendam.
915 2316 999 2386 Iure
1014 2315 1115 2386 enim
1135 2313 1326 2407 Jcsephus
1344 2310 1559 2385 Hillcbrand

444 2437 489 2509 de
514 2436 640 2510 Ottiiia
659 2438 809 2534 scripsit
832 2439 935 2511 baec:
961 2465 979 2508 «
1002 2440 1077 2513 Der
1100 2439 1252 2511 Dichter
1275 2438 1420 2511 scheint
1446 2437 1482 2508 in
1502 2437 1559 2508 ihr

444 2561 525 2635 sein
544 2561 704 2636 reinstes
723 2563 823 2636 idea]
838 2563 1051 2636 weiblicber
1065 2562 1372 2637 Persoenlichkeit
1391 2561 1559 2654 gezeich-

444 2693 508 2759 net
527 2709 573 2759 zu
593 2687 730 2761 haben.
754 2688 875 2760 Schon
895 2689 933 2760 in
956 2688 1181 2782 Strassburg
1205 2689 1272 2762 aui
1288 2688 1375 2761 dem
1393 2687 1559 2762 Ottilien-

445 2810 559 2905 berge
580 2813 719 2906 gingen
738 2813 816 2884 ihm
837 2813 895 2886 die
919 2814 1066 2887 Lichter
1091 2813 1168 2906 aui,
1195 2813 1233 2886 in
1254 2813 1374 2886 denen
1398 2833 1439 2884 er
1457 2812 1558 2886 diese

442 2936 661 3010 schnensten
709 2938 1101 3014 Seelenverhaeltnisse
1150 2938 1275 3011 maten
1326 2936 1463 3010 wollte.
1519 2939 1559 3008 In

441 3060 590 3134 Ottilien
610 3063 726 3136 seben
747 3063 815 3135 wir
834 3063 893 3136 die
912 3064 1380 3156 nattrrlicb-unbefangene
1403 3063 1559 3135 Zutrau-

442 3185 593 3259 lichkeit
619 3187 685 3260 der
714 3188 1026 3281 Sesenheimerin‚
1057 3189 1116 3262 die
1140 3187 1366 3281 ruhig-stille
1392 3187 1559 3280 Haltung

443 3311 611 3401 Lobana,
639 3311 697 3383 die
721 3312 929 3406 tici-innige
953 3313 1183 3406 Hingebnng
1206 3312 1272 3386 der
1300 3312 1467 3406 Mignon,
1500 3311 1557 3384 die

442 3433 524 3506 edle
543 3435 705 3529 Bildung
724 3437 789 3509 der
808 3439 1019 3512 Prinzessin
1039 3440 1221 3529 Leonnre,
1244 3437 1336 3510 aber
1356 3459 1423 3510 vor
1437 3437 1558 3512 Allem

443 3557 525 3650 das,
547 3580 629 3633 was
651 3561 771 3633 Kaine
795 3561 860 3634 der
883 3564 1033 3636 Andern
1057 3563 1136 3655 hat,
1165 3563 1223 3635 die
1248 3561 1559 3655 eigenthirmlieh-

444 3683 632 3776 tragische
651 3686 832 3760 idealitaet
852 3687 918 3762 des
937 3687 1146 3764 Gemiitbs¹
1167 3715 1201 3762 ».

490 3811 575 3882 Non
595 3810 703 3883 aliter
722 3812 961 3886 sentiendum
982 3820 1041 3887 est
1060 3813 1106 3887 de
1126 3814 1292 3889 Carietta
1312 3814 1414 3888 Stein
1437 3837 1445 3884 :
1474 3833 1559 3886 nes-

344 3939 348 3946 '
443 3933 500 4006 cio
521 3935 622 4006 enirn
647 3957 695 4009 an
723 3943 846 4032 poetae
877 3938 1055 4011 scribenti
1083 3940 1255 4033 singutas
1280 3939 1467 4034 quasdam
1499 3957 1560 4011 res

442 4058 657 4152 subiacent,
693 4082 779 4156 qua·
803 4062 853 4135 ad
875 4064 1000 4158 ipsam
1021 4065 1220 4160 pertinent,
1251 4065 1318 4138 sed
1347 4083 1559 4157 numquam

443 4184 579 4258 mulier
598 4186 661 4259 illa
682 4208 756 4260 non
777 4187 953 4282 ignobilis
972 4189 1137 4264 Eduardi
1158 4210 1315 4264 uxorem
1335 4186 1560 4282 sibimetipsi

477 4443 486 4478 ¹
505 4441 563 4500 Dic
579 4443 718 4500 deutsche
732 4443 1040 4504 Nationailittcratur
1059 4447 1104 4504 im
1123 4461 1219 4506 xv111.
1231 4449 1297 4504 und
1312 4463 1381 4505 x1x.
1397 4447 1559 4506 Jabrbun·

442 4541 520 4609 dart,
538 4555 573 4606 n,
589 4544 637 4599 ed.
655 4545 754 4612 tertia,
771 4558 979 4610 nncccnxxv,
999 4561 1028 4616 p.
1044 4545 1107 4604 268.
