3680 5612
879 711 1037 769 ..34-

404 849 541 916 natura
560 843 728 939 variique
743 865 882 936 mores,
901 845 1008 918 sicet
1026 844 1230 919 dissimiles
1244 844 1327 918 libri
1343 843 1509 938 legendi:

404 966 464 1040 bic
480 967 585 1060 liber,
608 969 646 1040 in
666 989 740 1063 quo
760 975 850 1044 sunt
869 971 997 1043 omnia
1021 976 1058 1043 et
1082 977 1189 1044 casta
1221 977 1258 1042 et
1283 969 1453 1043 decentia
1476 975 1514 1042 et

403 1091 521 1185 utilia,
538 1094 666 1190 pueris
680 1095 1047 1190 adulescentulisque
1062 1095 1279 1188 conveniet3
1293 1095 1367 1186 illc,
1382 1095 1422 1166 in
1437 1115 1512 1189 quo

403 1216 581 1291 audacior
600 1218 756 1315 spiritus
776 1227 813 1294 et
833 1219 984 1292 liberior
1007 1220 1168 1294 materia
1187 1226 1384 1312 tractatur,
1406 1218 1512 1293 adul·

403 1342 451 1416 tis
483 1365 527 1418 ac
560 1344 706 1439 majore
738 1345 815 1418 iam
853 1351 961 1442 parte
997 1345 1083 1418 vitae
1121 1345 1259 1419 functis
1293 1343 1512 1418 bominibus

402 1468 654 1542 reservandus
673 1469 755 1542 erit.

450 1593 542 1676 Quae
556 1615 644 1666 cum
659 1593 712 1668 ita
726 1585 813 1686 sint,
831 1593 863 1668 si
884 1595 1054 1668 materiae
1073 1593 1377 1691 explanationem
1397 1593 1511 1690 expli-

401 1717 665 1813 cationemque
685 1724 723 1791 et
741 1718 823 1791 libri
842 1727 971 1815 partes
995 1719 1163 1810 omittas,
1190 1719 1329 1814 quibus
1352 1719 1510 1791 nimiam

401 1841 650 1938 cupiditatum
672 1843 748 1916 vim
774 1843 1002 1940 descriptam
1027 1843 1207 1935 invenies,
1235 1865 1310 1916 non
1335 1843 1509 1939 equidem

324 1989 326 1996 ’
400 1967 507 2041 video
540 1968 629 2064 quid
663 1968 753 2042 mali
785 1969 1016 2066 periculique
1046 1975 1175 2042 tenore
1209 1969 1290 2064 ipso
1322 1961 1510 2042 Goethiani

400 2091 495 2184 libri,
508 2091 573 2187 qui
586 2092 624 2165 A
628 2090 833 2190 [finitores
849 2089 1028 2165 electio-oe
1040 2093 1268 2185 inscribitur,
1284 2093 1410 2167 inesse
1422 2113 1510 2190 pos-

399 2217 461 2307 sit,
483 2217 689 2291 dummodo
709 2239 734 2291 a
745 2219 905 2293 maturis
924 2219 1051 2292 animo
1066 2240 1216 2314 usuque
1231 2218 1374 2293 edoctis
1389 2219 1509 2292 homi·

400 2333 682 2416 nibus'tantum
702 2343 888 2436 legatur.¹
908 2344 1071 2437 Etenim,
1097 2344 1144 2418 iis
1168 2365 1254 2440 quaa
1278 2343 1403 2440 operis
1426 2366 1508 2418 cor-

399 2466 479 2562 pori
513 2475 765 2542 anneotuntur
789 2476 1010 2565 naturaeque
1034 2469 1226 2565 perlongis
1250 2468 1507 2565 descriptioni-

398 2589 471 2665 bus
490 2592 656 2686 omissis,
679 2594 773 2667 baec
793 2600 852 2668 est
875 2594 951 2666 fero
976 2592 1071 2686 libri,
1098 2594 1143 2667 de
1168 2614 1243 2689 quo
1268 2593 1503 2686 disserimus,

397 2717 557 2790 materia
576 2725 690 2812 atque
710 2718 770 2792 hic
789 2725 909 2792 tenor.

445 2841 511 2914 Vir
540 2841 695 2937 quidam
718 2863 869 2939 unaque
902 2865 996 2917 uxor
1026 2843 1122 2939 ejus,
1160 2843 1325 2917 eumad
1362 2843 1399 2916 id
1418 2845 1504 2916 vitae

396 2973 561 3064 tempus,
583 2968 621 3040 in
640 2989 715 3063 quo
736 2969 869 3043 sedata
887 2989 997 3044 mens
1026 2989 1095 3042 nee
1126 2967 1204 3042 iam
1236 2968 1505 3064 cupiditatibus

395 3091 558 3167 obnoxia
577 3114 663 3168 esse
697 3094 807 3186 solet,
833 3094 1106 3191 pervenissent,
1141 3095 1320 3167 fortunati
1351 3094 1389 3166 in
1422 3093 1503 3189 pul-

393 3217 580 3291 cherrimo
599 3219 740 3316 praedio
771 3240 856 3313 su0,
886 3240 958 3294 sua
989 3219 1022 3294 si
1056 3218 1156 3294 bona
1185 3225 1354 3312 nossent,
1386 3219 1502 3293 vitam

432 3520 441 3555 ⁴
460 3519 505 3575 Cl.
527 3521 607 3590 quod
627 3520 768 3577 Goetbius
791 3522 856 3590 ipse
875 3521 913 3576 rle
932 3521 998 3575 suis
1017 3520 1102 3576 libris
1120 3522 1215 3578 dixit:
1238 3521 1368 3577 «Meine
1383 3519 1501 3577 Sacben

392 3619 524 3676 koennen
539 3619 623 3674 nicht
639 3620 775 3688 populaer
784 3619 923 3683 werden;
935 3631 999 3674 wer
1008 3619 1104 3674 daran
1115 3620 1210 3675 denkt
1220 3620 1281 3674 und
1296 3619 1384 3676 datur
1394 3623 1502 3687 strebt,

392 3721 432 3774 ist
447 3720 476 3774 in
499 3720 599 3776 einem
618 3719 760 3776 lrrtltum.
785 3717 837 3775 Sic
850 3718 922 3774 sind
936 3717 1020 3775 nicltt
1040 3717 1095 3788 ster
1109 3718 1158 3774 dic
1179 3717 1282 3776 Moeso
1299 3719 1501 3793 peschm'eben,

390 3817 525 3872 sondern
539 3833 603 3872 nur
614 3817 670 3888 sor
683 3816 820 3872 cinrcloc
835 3815 1012 3880 Meneclem,
1024 3817 1072 3872 die
1085 3821 1183 3873 etwas
1198 3818 1377 3874 AEbnliolres
1391 3820 1503 3875 wollen

391 3916 452 3971 und
474 3916 590 3972 suoben
611 3917 671 3972 und
692 3916 741 3971 die
765 3917 796 3971 in
821 3915 992 3971 aehnlicben
1012 3914 1206 3985 Rlohtungen
1225 3915 1372 3986 begriffen
1391 3917 1501 3973 sind.»

389 4011 611 4080 (lt'clcermanni
626 4011 800 4077 Sermones,
817 4025 1031 4071 Mnccoxxvm
1046 4013 1101 4078 (11.
1118 4013 1189 4070 Okt.
1206 4015 1254 4070 ed.
1270 4015 1502 4083 Moldenbauer,

390 4125 425 4176 rr,
441 4110 498 4178 25).
516 4113 616 4180 Atque
631 4111 745 4169 Goetlrii
760 4113 878 4169 amicus
892 4113 996 4169 addit:
1014 4111 1085 4179 «la,
1096 4111 1206 4169 Goethe
1218 4114 1271 4168 bal
1282 4114 1401 4170 recht...
1414 4115 1504 4170 Seine

389 4209 502 4265 Werke
518 4210 586 4265 sind
603 4212 643 4265 im
664 4225 781 4281 ganzen
797 4213 844 4267 lur
858 4211 1077 4267 betrachtende
1091 4209 1238 4278 Naturam
1259 4211 1308 4267 die
1324 4211 1355 4266 in
1369 4212 1418 4266 die
1432 4211 1503 4267 Tie-

387 4308 435 4363 len
451 4309 504 4364 der
519 4309 601 4365 Welt
619 4309 680 4364 und
699 4309 892 4366 Menscbbeit
917 4324 954 4364 zu
974 4309 1104 4380 dringen
1128 4309 1298 4365 wunscben
1319 4311 1380 4366 und
1396 4312 1500 4366 seinen

388 4406 502 4464 Pladen
517 4407 706 4478 naobgellen.
724 4404 861 4473 (Ibidem,
879 4423 907 4476 p.
923 4407 979 4473 26).
