3640 5620
754 789 891 847 ..9-

318 925 468 999 Etenim
488 931 588 998 recte
606 925 678 998 hac
698 925 736 996 in
760 946 800 998 re
820 925 988 1000 sensisse
1013 927 1184 1000 videntur
1206 927 1380 1002 homines

270 1050 380 1142 docti,
403 1071 491 1124 narn
512 1071 646 1124 omnes
665 1049 741 1123 iere
761 1050 1004 1145 quaestiones
1022 1051 1108 1146 quae
1124 1052 1247 1125 exilio
1268 1072 1380 1149 opere

269 1176 395 1250 allatae
414 1182 515 1267 sunt,
538 1175 587 1248 ad
606 1175 681 1247 vim
703 1176 887 1249 moralem
906 1183 1092 1272 spectant.
1116 1180 1172 1252 Ex
1192 1199 1267 1274 quo
1286 1185 1381 1250 tern-

270 1323 361 1398 pore
399 1301 538 1374 Goethii
572 1321 669 1396 opus
700 1301 738 1372 in
772 1301 964 1397 publicum
1003 1302 1152 1398 prodiit,
1184 1309 1277 1397 quot
1304 1302 1380 1375 cri-

272 1426 346 1519 tici,
369 1433 424 1500 tot
443 1425 640 1500 sentcntiae
659 1425 877 1517 audiuntur,
899 1447 1020 1521 neque
1045 1427 1169 1500 adhuc
1196 1427 1382 1502 discordia

271 1551 420 1626 resedit.
460 1551 571 1625 Haud
605 1551 683 1625 seio
717 1573 766 1625 an
801 1551 921 1623 ullum
956 1573 1067 1648 opuS,
1112 1550 1309 1644 ‘Faciet’
1345 1559 1382 1624 et

273 1743 279 1768 ,
313 1674 506 1748 Wertlcer
534 1677 542 1705 '
571 1674 732 1750 tortasse
766 1676 945 1772 exceptis,
978 1682 1123 1750 tantam
1155 1677 1381 1773 interpreta-

272 1801 417 1874 tionum
437 1807 475 1873 et
494 1800 718 1874 iudiciorum
738 1800 1030 1897 discrepantiam
1042 1801 1250 1898 protulerit.
1267 1803 1383 1876 Putes

271 1926 343 1999 hoc
361 1925 548 2022 imprimis
566 1925 705 2000 criticis
724 1931 876 2019 gratum
889 1926 1020 2018 luisse,
1033 1934 1076 1999 ut
1092 1926 1137 1999 de
1149 1927 1221 2000 hac
1233 1948 1273 1999 re
1288 1926 1384 2000 inter

271 2071 313 2125 se
324 2057 590 2147 repugnarent.
600 2051 706 2135 Quod
721 2051 816 2124 alter
829 2051 994 2124 maxime
1005 2050 1147 2143 laudat,
1160 2051 1260 2125 idem
1276 2051 1383 2126 alteri

271 2175 446 2250 odiosum
473 2182 544 2250 est.
573 2175 719 2249 Eadem
744 2176 885 2271 pagina
916 2175 966 2249 ab
993 2175 1077 2249 aliis
1107 2176 1271 2250 summis
1295 2175 1382 2249 lau-

210 2317 212 2323 ‘
271 2300 568 2392 dinoscuntur,
595 2299 645 2374 ab
670 2300 754 2374 aliis
777 2299 1108 2375 vehementissime
1135 2301 1379 2398 vituperatur.

271 2425 408 2499 lisdem
438 2425 565 2516 rebus,
589 2423 727 2520 quibus
745 2424 840 2498 alter
858 2424 1148 2500 admirationem
1168 2447 1280 2500 suam
1299 2448 1384 2522 pro-

272 2549 349 2641 bat,
372 2549 466 2625 alter
484 2549 770 2624 declinationem
790 2550 968 2623 etodium
988 2551 1196 2624 confirmat.
1216 2550 1384 2645 1d‚quod

271 2675 379 2749 alteri
407 2674 455 2747 ad
485 2695 597 2749 suam
630 2675 858 2748 sententiam
895 2675 1229 2750 demonstrandam
1260 2675 1382 2772 aptis-

272 2800 414 2874 simum
434 2819 519 2874 esse
538 2799 698 2892 videtur,
720 2801 769 2874 ab
794 2799 912 2874 altero
937 2799 1077 2874 salsum
1100 2807 1268 2896 putatur.
1296 2801 1382 2874 Sin-

271 2925 371 3018 gulis
395 2925 511 2998 etiam
526 2925 564 2996 in
582 2923 697 2999 rebus
718 2925 924 2999 tractandis
947 2943 1062 2999 suurn
1092 2925 1253 3020 quisque
1271 2926 1383 3019 inge-

240 3050 246 3062 '
271 3050 377 3122 nium
405 3056 444 3123 et
467 3071 594 3125 mores
619 3051 672 3124 ita
695 3056 852 3130 secutus
875 3058 946 3142 est,
973 3056 1016 3122 ut
1041 3049 1099 3123 vel
1125 3050 1302 3124 minimas
1321 3071 1383 3124 res

271 3173 369 3248 alius
387 3175 461 3248 alio
480 3174 594 3247 modo
613 3175 879 3271 interpretetur
898 3174 1110 3248 secundum
1134 3175 1321 3248 rationem
1345 3182 1383 3249 et

271 3299 381 3393 quasi
401 3363 407 3389 ί
423 3321 606 3372 normam
621 3302 642 3392 ’,
664 3321 741 3394 qua
759 3299 886 3372 omnia
903 3298 1140 3374 considerare
1163 3306 1201 3372 et
1219 3299 1383 3373 iudicare

272 3422 501 3498 consuevit¹.

271 3697 379 3740 norum
395 3684 570 3753 scriptores,
585 3686 688 3739 tamen
703 3683 784 3754 apud
800 3684 983 3740 recentiores
992 3685 1074 3740 viros
1087 3682 1284 3740 doctissimos
1299 3683 1384 3740 inve-

271 3783 363 3838 nitur.
380 3782 508 3839 Suecius
517 3783 598 3837 enim
609 3782 748 3851 scriptor,
762 3783 903 3852 ingenuis
913 3784 1031 3838 artibus
1043 3783 1221 3845 instructus,
1232 3781 1384 3838 Tonannu

271 3880 358 3937 Onon
378 3880 575 3943 Ennomus,
596 3881 647 3950 qui
672 3895 751 3936 anno
771 3893 983 3938 nuuonxxxrv
1001 3881 1082 3937 diem
1097 3895 1274 3950 supremum
1297 3880 1383 3943 obiit,

272 3977 361 4032 annis
381 3989 782 4034 unconxmx-unoonxxxr
802 3978 832 4032 in
852 3975 1011 4051 opusculis
1027 3975 1172 4052 physicis,
1194 3975 1336 4032 chemicis
1356 3978 1385 4032 ct

273 4072 499 4147 mineroiopicis
514 4075 625 4131 librum
644 4075 738 4131 edidit
749 4076 801 4144 qui
818 4072 890 4130 «De
900 4073 1133 4132 astructionibus
1144 4073 1302 4130 electioiso
1320 4077 1384 4129 ins-

273 4171 408 4226 cribitur.
425 4171 520 4226 Cuius
534 4173 636 4242 operis
651 4173 827 4242 germanica
842 4173 1000 4227 translatio
1017 4169 1102 4226 «Dio
1118 4169 1384 4227 Wattverwaodt·

273 4267 409 4338 soltustcn
426 4288 438 4320 r
455 4271 515 4325 iam
530 4272 619 4325 annis
635 4279 1034 4326 uuucnxxn-noccnxxxx
1049 4270 1201 4338 apparuit.

307 4367 426 4423 ⁴Recto
448 4369 529 4423 enim
553 4369 724 4425 Ruoonnus
748 4369 1011 4431 Gorrsonnnnus,
1037 4368 1312 4437 praestantissimus
1337 4368 1385 4423 ille

274 4466 440 4520 litterarum
466 4467 709 4535 germanicarum
738 4467 878 4536 scriptor,
907 4467 945 4522 de
973 4466 1134 4522 Goetlriano
1163 4466 1239 4522 libro
1263 4465 1385 4534 scripsit

273 4563 354 4618 haec:
373 4581 385 4614 α
402 4563 458 4620 Die
477 4561 863 4633 Woltlocrwandtccliosteo
883 4565 950 4620 sind
971 4564 1051 4619 ihrer
1073 4564 1227 4619 sitilichcn
1246 4563 1385 4620 Tendenz
