908 1404
86 489 161 504 Vinuovr

456 177 475 179 -
485 169 505 183 5!
515 177 535 180 —

217 202 247 221 nis
257 202 345 220 eamdem
358 202 419 226 legem
431 202 509 221 fatalem
524 203 645 227 imposuisse,
658 208 697 226 qua
710 208 773 221 rerum

217 233 332 252 naturalium
338 233 433 252 elementa
440 234 469 252 vel
476 234 604 256 attrahuntur,
613 234 642 252 vel
649 234 771 258 repelluntur.

217 264 310 283 Videmus
318 270 365 288 ergo
373 267 466 289 quantum
475 265 569 289 discrepet
579 265 619 283 liaee
629 265 723 284 sententia
732 265 772 284 sive

216 296 242 314 ab
251 296 354 314 Hermanni
365 296 449 315 Hettneri
460 296 532 315 ratione
541 296 593 315 fatali
603 296 642 315 sive
651 301 664 315 a
675 296 772 315 sententiis

217 327 291 346 Henrici
308 328 381 351 lewes,
399 327 459 346 Adoffi
470 327 539 346 Stahrii
550 330 569 346 et
579 328 681 346 Hermanni
691 327 770 351 Grimm,

216 359 248 382 qui
259 364 326 378 omnes
335 359 438 378 censebant
449 359 570 377 Goetliianum
583 359 651 377 librum
663 364 687 377 ex
696 364 772 378 summo

216 390 299 414 quodam
309 390 368 409 animi
375 392 429 409 motu
438 392 458 409 et
466 390 530 409 dolore
540 390 707 409 vehementissimo
717 390 772 409 exsti-

217 421 270 444 tisse,
284 427 321 440 non
333 422 405 440 minore
417 421 493 446 quidem
507 422 545 445 illo,
558 427 581 440 ex
593 427 631 446 quo
643 439 647 445 ,
662 421 757 440 Werther
767 422 771 429 '

216 452 326 471 exstitisset.

242 484 336 503 Emmaus
351 484 442 503 V113uorr¹
455 484 548 508 imprimis
560 484 667 502 laudandus
676 485 712 507 est,
723 483 773 507 quod

216 515 325 534 accuratius
343 520 402 539 quam
420 515 492 539 priores
510 515 568 534 critici
587 515 698 534 intellexerit
714 520 772 539 quam

216 546 280 570 gravis
292 546 310 565 in
327 546 474 571 Affinitatibus
491 546 581 565 electivis
599 546 679 570 quaestio
695 546 773 564 moralis

216 578 247 596 sit.

240 609 347 628 Arhitratur
363 609 413 628 enim
431 609 481 628 illius
496 609 544 627 iictae
561 609 644 628 historiae
660 609 772 632 scriptorem

216 640 315 659 hominurn
331 640 407 664 ingenia
423 646 445 659 ac
457 642 545 659 naturam
561 640 631 664 optime
645 640 771 664 perspexisse.

215 671 240 690 Iis
253 671 285 695 qui
297 671 338 690 libri
351 673 486 695 argumentum
501 673 521 690 et
536 671 687 696 explanationem
700 671 774 695 vitupe-
808 673 810 676 “

216 704 258 721 rant
273 703 348 722 Viehoss'
360 703 461 727 respondet
474 703 536 726 legem
552 703 644 722 moralem
657 708 695 721 non
709 702 772 721 solum

215 734 332 758 triumphare
342 736 400 758 atque
410 734 513 759 plurimum
526 734 596 758 pollere
605 739 649 752 cum
659 734 773 758 cupiditates

216 765 312 784 voluntate
322 767 340 783 et
351 765 423 784 ratione
432 767 549 789 coercentur,
562 766 596 784 sed
608 766 666 784 etiam
678 770 700 783 ac
712 765 772 783 multo

216 796 278 820 magis
288 797 404 815 commoveri
414 797 489 816 animos
499 802 572 820 eorum,
582 797 615 821 qui
622 796 691 815 librum
701 796 770 819 legant,

215 833 259 846 cum
270 828 332 846 vident
342 833 382 851 eos,
394 828 425 852 qui
435 830 567 852 peccaverunt,
576 828 660 846 cruciatu
670 827 726 846 affici.
738 826 772 845 Vel

214 859 328 877 adulterium
338 859 383 877 illud
395 859 509 883 cogitatione
521 859 646 878 commissum
658 858 721 885 (senes
732 857 773 876 ide-

215 889 253 907 elle
259 889 399 913 Elzebrechen),
406 890 457 914 quod
463 892 490 909 tot
495 890 564 909 criticis
568 890 667 909 offensioni
675 889 709 908 suit
714 889 773 907 maxi-

215 926 259 944 nuu,
274 921 395 945 pudicissime
411 921 527 946 descriptum
540 927 582 940 esse
592 921 694 943 contendit,
711 925 773 944 neque

216 952 254 970 ullo
268 952 324 971 inodo
335 954 431 971 versatum
442 958 485 972 esse
498 955 574 977 poetam
584 952 603 970 in
616 952 704 970 obscenis
717 951 775 969 rebus

215 983 350 1002 descrihendis.
358 984 412 1005 Quod
422 986 487 1003 autem
495 984 519 1002 ad
526 984 586 1002 fatum
594 983 681 1008 pertinet,
690 982 776 1001 concedit

216 1014 327 1038 scriptorem
342 1015 438 1034 nonnullis
454 1015 550 1034 ominibus
566 1014 634 1033 faustis
649 1014 678 1032 vel
694 1013 776 1032 sinistris

232 1084 236 1094 ·
249 1084 307 1099 (ἴα-(11η
314 1084 368 1101 Lobm,
377 1085 537 1104 Gaeistesonewicklunq
544 1085 577 1099 und
588 1085 644 1101 νοτ-1η,
654 1085 702 1099 editio
712 1085 774 1102 quarta,

216 1109 318 1127 Stultunrtlm.
326 1112 433 1124 uuoooxxvn.
