3654 5644
704 747 882 811 -trr-

237 881 466 974 commissae,
505 901 579 956 non
615 883 766 959 inutiles
802 903 925 978 neque
960 881 1048 958 vitae
1084 901 1159 955 non
1196 880 1342 954 idoneae

238 1011 338 1079 sunt.

285 1130 357 1203 Sed
374 1131 456 1205 haec
476 1131 604 1206 omnia
630 1139 668 1206 et
685 1131 790 1234 utilia
809 1139 846 1206 et
865 1131 952 1207 vitae
975 1132 1111 1206 idonea
1133 1130 1171 1204 in
1195 1129 1341 1204 irritum

238 1253 314 1327 iere
333 1256 472 1329 cadunt
492 1277 503 1350 ;
524 1278 592 1330 nec
611 1258 705 1333 satis
725 1278 905 1352 magnam
929 1258 1006 1330 vim
1030 1254 1170 1330 habent
1195 1254 1342 1352 queruli

238 1379 389 1453 Mittleri
412 1389 601 1479 praecepta
623 1389 661 1455 et
685 1383 851 1458 monitus
882 1382 939 1456 vel
961 1403 1008 1457 ea
1030 1403 1115 1478 quae
1144 1381 1182 1453 in
1206 1379 1341 1476 puellae

240 1504 387 1580 tabellis
405 1507 595 1603 sapienter
617 1507 757 1605 scripta
780 1514 885 1601 sunt,
908 1507 973 1582 sed
998 1529 1084 1603 quae
1109 1505 1234 1582 Ottilia
1258 1505 1342 1601 ipsa

239 1629 400 1704 scribere
420 1653 495 1704 non
515 1631 665 1727 quidem
691 1635 840 1730 potuit;
865 1632 999 1707 lortius
1021 1638 1058 1706 et
1082 1629 1342 1705 vehementius

238 1763 479 1830 commovent
498 1778 569 1832 nos
587 1764 625 1831 et
644 1758 830 1832 delectant
852 1758 936 1852 loci,
957 1756 1147 1854 inquibus
1165 1754 1342 1830 describi-

238 1886 298 1953 tur
321 1901 441 1973 amor,
468 1881 588 1957 dulcis
610 1904 730 1976 amor,
756 1883 818 1957 cui
836 1882 920 1958 libri
946 1883 1146 1981 praecipuae
1169 1902 1341 1978 personae

237 2004 384 2080 facilius
405 2007 554 2082 cedunt.

289 2240 337 2311 Ut
351 2237 461 2334 plane
481 2237 606 2313 dicam
625 2240 725 2334 quod
751 2239 886 2332 sentio,
908 2238 1080 2314 nonalia
1102 2245 1228 2313 mente
1255 2239 1342 2312 Goe-

238 2360 341 2437 thius
361 2383 459 2462 opus
477 2349 567 2437 illud
586 2364 801 2461 suscepisse
820 2364 982 2458 videtur,
1004 2385 1120 2460 quarn
1140 2371 1181 2437 ut
1203 2362 1341 2437 violen-

238 2493 315 2560 tem
336 2486 553 2584 malamque
573 2488 738 2564 Eduardi
756 2488 947 2564 libidinem
965 2489 1173 2584 Ottiliaeque
1193 2488 1358 2562 dulcem.

237 2611 517 2708 amabilemque
541 2614 703 2706 figuram
728 2615 960 2711 depingeret.
987 2615 1066 2689 Res
1089 2614 1193 2711 ipsas
1215 2634 1343 2688 narra·

240 2735 341 2810 visse
367 2756 442 2809 non
477 2745 690 2831 contentus
716 2739 875 2835 scriptor
897 2739 1044 2832 eadem,
1066 2759 1151 2835 quae
1169 2736 1253 2812 libri
1282 2738 1342 2812 sui

235 2881 421 2957 personae,
455 2862 594 2955 sentit;
626 2884 714 2936 cum
745 2863 918 2960 personis
947 2863 1019 2938 illis
1048 2870 1165 2956 amat,
1197 2869 1338 2960 sperat,

235 2985 347 3078 dolet,
369 2987 482 3060 modo
504 2986 731 3081 fortunatus,
753 2987 867 3062 modo
886 2989 1016 3063 tristis.

282 3112 363 3184 Hoc
400 3118 531 3185 autern
568 3111 665 3185 bene
702 3112 1026 3187 considerantibus
1066 3112 1176 3187 nobis
1214 3111 1343 3186 omnia

121 3275 124 3282 ·
234 3235 360 3310 subito
380 3237 506 3330 magis
525 3236 627 3310 clara
646 3236 845 3332 magisque
859 3238 1059 3335 perspicua
1072 3237 1192 3311 fiunt:
1214 3235 1340 3310 subito

234 3359 488 3455 intellegimus
508 3369 673 3436 curtam
695 3361 815 3436 laevus
830 3361 1028 3454 Mittlerus,
1049 3383 1117 3436 cur
1134 3362 1298 3457 primurn
1317 3383 1341 3435 a

234 3482 401 3558 Carlotta
420 3484 550 3559 leviter
572 3484 719 3559 alienus
742 3484 903 3578 legentis
925 3469 1093 3578 animus,
1114 3507 1181 3560 our
1204 3505 1340 3580 parum

233 3607 385 3681 valeant
403 3609 642 3684 centurionis
660 3617 899 3703 argumenta,
926 3632 994 3684 cur
1016 3609 1175 3705 denique
1202 3630 1338 3706 parum

233 3730 335 3807 utilis
354 3731 607 3829 salutarisque
640 3733 745 3826 liber,
779 3735 922 3830 inquo
955 3741 1081 3809 tamen
1106 3739 1143 3808 et
1165 3733 1271 3808 utilia
1302 3739 1340 3806 et

232 3855 414 3930 salutaria
435 3857 556 3930 dicere
576 3857 749 3933 Goethius
767 3858 848 3934 sine
867 3858 980 3932 dubio
999 3859 1128 3933 voluit.
1150 3857 1340 3942 Quamob-

231 4001 311 4054 rem
339 3980 579 4057 iucundiores
602 3981 863 4079 dulcioresque
891 3990 980 4057 sunt
1012 3982 1096 4076 loci,
1131 3983 1169 4055 in
1201 3983 1339 4078 quibus

233 4111 408 4180 narratur
427 4105 563 4181 Ottiliae
583 4107 821 4204 Eduardique
840 4128 960 4182 amor.
976 4107 1076 4182 Nihil
1092 4128 1199 4202 aeque
1213 4107 1337 4202 legen·

233 4229 282 4304 tis
304 4237 472 4303 mentem
498 4229 643 4324 allicit;
668 4231 800 4324 imm0,
827 4231 1015 4326 longiores
1042 4232 1213 4305 videntur
1241 4232 1338 4305 horti

232 4375 434 4449 rerumque
453 4361 600 4428 naturae
625 4355 908 4458 descriptiones,
931 4356 1011 4431 sine
1023 4355 1146 4430 colore
1165 4356 1334 4453 picturae,

233 4477 424 4572 frigidiora
446 4479 740 4576 colloquentium
762 4480 955 4572 diverbia,
982 4500 1226 4576 superveneae
1245 4500 1336 4556 nar-

1436 2258 1618 2318 Coronusro
