3576 5622
690 810 849 870 ..23-

215 963 301 1037 quae
320 941 357 1014 in
385 939 579 1015 Electivis
599 940 636 1014 A
642 944 668 1038 f
657 939 895 1039 finitatibcs
919 940 1184 1034 agitabantur3
1210 948 1324 1036 atque

215 1067 267 1140 ita
286 1066 465 1140 ellectum
488 1074 546 1142 est
570 1075 612 1140 ut
635 1067 735 1140 illius
762 1067 887 1163 operis
911 1067 968 1140 vis
992 1066 1114 1140 ethica
1140 1067 1324 1162 paulatim

218 1191 361 1264 minore
382 1191 467 1264 odio
487 1191 729 1266 iudicaretur.

265 1319 353 1390 dam
390 1337 489 1390 anno
522 1339 683 1390 uuocoxn
701 1318 735 1389 J.
758 1317 818 1390 Sr.
849 1318 1056 1408 aldarnus,
1083 1317 1147 1411 qui
1174 1316 1326 1413 quidem

219 1463 359 1534 magno
386 1413 663 1516 Germanorum
687 1448 809 1537 poetae
830 1441 1036 1515 maximam
1057 1441 1246 1515 tribuebat
1264 1441 1329 1516 ad-

220 1566 472 1658 mirationem,
495 1567 736 1641 exclamavit:
761 1591 780 1636 «
795 1569 940 1659 Meges
960 1566 1131 1640 Anderen
1151 1574 1331 1661 gegoennt

220 1692 314 1784 sein,
337 1692 374 1764 in
394 1693 594 1766 Romanen
625 1714 670 1764 zu
695 1691 893 1784 achildem,
923 1692 1013 1786 quid
1036 1693 1157 1766 virtus
1182 1691 1332 1788 etquid

220 1816 407 1912 sapientia
422 1817 555 1913 possit,
574 1838 689 1893 unser
700 1817 851 1890 Dichter
866 1817 931 1891 hat
948 1837 990 1891 es
1006 1817 1087 1891 sich
1097 1817 1236 1891 einmal
1249 1837 1332 1890 vor-

220 1961 462 2034 geuommen,
485 1942 543 2014 die
563 1935 769 2016 Menschen
789 1964 834 2014 zu
855 1942 990 2036 gehen,
1014 1942 1083 2014 wie
1103 1942 1172 2035 sie,
1192 1941 1328 2016 leider!

221 2065 317 2158 sind,
341 2067 417 2139 und
436 2088 480 2140 so
494 2067 644 2139 werden
657 2067 711 2140 sie
731 2067 790 2139 fur
802 2088 875 2142 uns
888 2064 1146 2140 delehrender
1163 2065 1227 2140 als
1235 2063 1333 2163 jene

221 2188 363 2263 Ideale
378 2190 481 2264 nach
499 2189 624 2264 denen
640 2191 716 2263 mir
729 2189 956 2289 verpeolico
971 2189 1141 2264 sucden¹
1169 2217 1203 2264 ».

269 2316 354 2408 Sed,
388 2338 476 2389 cum
505 2315 655 2388 illorum
684 2315 832 2389 Goethio
867 2317 1074 2390 faventium
1105 2317 1332 2412 scriptorum

120 2431 122 2434 ’
223 2441 455 2514 mentionem
479 2441 653 2533 iacimus,
680 2449 820 2514 nostrae
845 2441 948 2514 aetati
966 2441 1329 2538 appropinquamus

223 2587 299 2660 qua
317 2566 505 2640 iudicandi
524 2565 620 2640 ratio
641 2566 793 2639 omnino
813 2565 1089 2641 immutabitur.

273 2791 400 2866 Etiam
434 2791 657 2886 alienigenae
694 2792 869 2865 homines
903 2791 1041 2865 Goethii
1082 2789 1333 2892 Affinitates

226 2913 416 2988 electivae
435 2937 510 2989 non
531 2917 677 2990 mitiore
697 2917 824 2991 animo
840 2922 1067 3012 exceperunt
1079 2937 1194 3011 quam
1212 2922 1335 3012 poetae

225 3041 444 3136 populares,
472 3041 681 3136 siquidem
708 3041 802 3114 libro
836 3041 976 3114 recenti
1005 3040 1204 3113 iudicando
1233 3041 1337 3114 incu-

226 3164 401 3240 buerunt.
430 3166 574 3262 Quippe
616 3166 805 3240 Goethiani
839 3165 964 3261 operis
1000 3172 1037 3238 et
1067 3171 1337 3258 argumentum

228 3295 265 3360 et
298 3289 459 3363 materia
492 3291 545 3363 ita
578 3312 624 3362 ex
661 3293 938 3363 Germanorum
970 3290 1105 3362 intima
1143 3297 1269 3364 mente
1302 3296 1339 3362 et

228 3413 399 3487 moribus
426 3415 515 3487 ficta
542 3421 708 3506 erant,ut
736 3437 811 3488 non
842 3415 948 3488 facile
980 3414 1030 3487 ab
1062 3415 1224 3490 externis
1251 3436 1341 3508 gen-

229 3538 331 3612 tibus
359 3539 499 3635 percipi
518 3546 686 3635 possent.
709 3541 793 3612 Non
812 3540 884 3612 nisi
904 3539 1024 3612 multo
1043 3547 1130 3635 post
1149 3539 1343 3635 scriptoris

230 3670 394 3736 mortem
423 3661 672 3760 Affinitates
696 3662 876 3737 electivoe
899 3665 936 3737 in
960 3665 1129 3758 linguam
1148 3665 1344 3738 Britanno-

228 3810 315 3860 rum
335 3788 590 3883 ltalorumque
610 3789 802 3862 translatae
826 3797 927 3863 sunt.
954 3789 1190 3882 Francogalli
1213 3797 1344 3864 autem

229 3913 428 3986 Goethiano
453 3935 565 4009 opere
588 3935 663 3985 non
683 3913 808 4006 magis
831 3913 1004 3986 delectati
1029 3921 1130 4006 sunt,
1153 3915 1254 4010 quod
1273 3915 1345 3988 illis

227 4036 318 4110 nihil
337 4038 439 4112 aliud
451 4037 649 4111 videbatur
664 4059 749 4112 esse
774 4059 890 4133 quam
912 4038 1090 4134 quaelihet
1107 4039 1152 4111 de
1174 4039 1346 4114 moribus

231 4164 507 4236 Germanorum
527 4163 616 4236 ficta
635 4163 810 4254 historia3
832 4185 955 4258 neque
972 4163 1216 4238 vehementer
1230 4165 1347 4239 animi

230 4288 439 4383 quaestione
458 4288 592 4361 morali
611 4288 704 4360 moti
724 4294 825 4380 sunt,
843 4309 930 4383 quac
946 4289 1116 4363 finitimae
1131 4290 1255 4382 gentis
1269 4289 1350 4361 ani·

231 4433 317 4488 mos
341 4419 421 4486 tam
445 4413 609 4508 graviter
633 4411 861 4486 incenderat.

266 4644 275 4680 ¹
293 4641 424 4701 Studien
438 4640 513 4699 oder
527 4640 641 4706 Goelhe,
659 4641 862 4706 vindobonae,
882 4651 1044 4706 uoocoxn,
1060 4655 1083 4707 1,
1100 4657 1129 4713 p.
1147 4641 1208 4700 185.

1425 1315 1592 1371 Zauruaus

1411 2803 1627 2859 Amamuunn

1460 2900 1585 2956 Cn1r101

1411 3825 1644 3883 Parrodunum

1471 3923 1596 3979 Cmmur
