<?xml version="1.0" encoding="UTF-8"?>
<!DOCTYPE html PUBLIC "-//W3C//DTD XHTML 1.0 Transitional//EN"
    "http://www.w3.org/TR/xhtml1/DTD/xhtml1-transitional.dtd">
<html xmlns="http://www.w3.org/1999/xhtml" xml:lang="en" lang="en">
 <head>
  <title>
</title>
<meta http-equiv="Content-Type" content="text/html;charset=utf-8" />
  <meta name='ocr-system' content='tesseract 3.04.00' />
  <meta name='ocr-capabilities' content='ocr_page ocr_carea ocr_par ocr_line ocrx_word'/>
</head>
<body>
  <div class='ocr_page' id='page_1' title='image "./quidbonipericul00schogoog_0069.png"; bbox 0 0 3654 5644; ppageno 0'>
   <div class='ocr_carea' id='block_1_1' title="bbox 897 677 1057 736">
    <p class='ocr_par' dir='ltr' id='par_1_1' title="bbox 897 677 1057 736">
     <span class='ocr_line' id='line_1_1' title="bbox 897 677 1057 736; baseline -0.013 -14"><span class='ocrx_word' id='word_1_1' title='bbox 897 677 1057 736; x_wconf 79' lang='grc'><strong>..60-</strong></span> 
     </span>
    </p>
   </div>
   <div class='ocr_carea' id='block_1_2' title="bbox 420 806 1543 2034">
    <p class='ocr_par' dir='ltr' id='par_1_2' title="bbox 420 806 1543 2034">
     <span class='ocr_line' id='line_1_2' title="bbox 420 806 1542 909; baseline 0 -23"><span class='ocrx_word' id='word_1_2' title='bbox 420 806 545 888; x_wconf 87' lang='lat' dir='ltr'>manis</span> <span class='ocrx_word' id='word_1_3' title='bbox 564 807 718 909; x_wconf 83' lang='lat' dir='ltr'>plurimi</span> <span class='ocrx_word' id='word_1_4' title='bbox 738 811 964 903; x_wconf 87' lang='lat' dir='ltr'>aestimatur,</span> <span class='ocrx_word' id='word_1_5' title='bbox 984 833 1073 884; x_wconf 90' lang='lat' dir='ltr'>cum</span> <span class='ocrx_word' id='word_1_6' title='bbox 1089 811 1221 909; x_wconf 72' lang='lat' dir='ltr'>&#39;priore</span> <span class='ocrx_word' id='word_1_7' title='bbox 1245 813 1428 909; x_wconf 75' lang='lat' dir='ltr'>scriptore</span> <span class='ocrx_word' id='word_1_8' title='bbox 1452 833 1542 886; x_wconf 92' lang='lat' dir='ltr'>con-</span> 
     </span>
     <span class='ocr_line' id='line_1_3' title="bbox 420 934 1543 1037; baseline 0.002 -26"><span class='ocrx_word' id='word_1_9' title='bbox 420 938 534 1012; x_wconf 83' lang='lat' dir='ltr'>sentit</span> <span class='ocrx_word' id='word_1_10' title='bbox 562 938 599 1009; x_wconf 90' lang='lat' dir='ltr'>in</span> <span class='ocrx_word' id='word_1_11' title='bbox 618 934 913 1037; x_wconf 79' lang='lat' dir='ltr'>Asfier&#39;tetr&#39;des</span> <span class='ocrx_word' id='word_1_12' title='bbox 938 934 1118 1008; x_wconf 75' lang='lat' dir='ltr'>eiecticia</span> <span class='ocrx_word' id='word_1_13' title='bbox 1149 938 1431 1011; x_wconf 84' lang='lat' dir='ltr'>contentionem</span> <span class='ocrx_word' id='word_1_14' title='bbox 1456 938 1543 1013; x_wconf 90' lang='lat' dir='ltr'>des-</span> 
     </span>
     <span class='ocr_line' id='line_1_4' title="bbox 421 1061 1535 1160; baseline 0.001 -25"><span class='ocrx_word' id='word_1_15' title='bbox 421 1063 526 1153; x_wconf 89' lang='lat' dir='ltr'>cribi,</span> <span class='ocrx_word' id='word_1_16' title='bbox 549 1084 634 1157; x_wconf 90' lang='grc'><strong>6666</strong></span> <span class='ocrx_word' id='word_1_17' title='bbox 653 1061 821 1157; x_wconf 88' lang='lat' dir='ltr'>prolecto</span> <span class='ocrx_word' id='word_1_18' title='bbox 836 1061 976 1134; x_wconf 89' lang='lat' dir='ltr'>nostris</span> <span class='ocrx_word' id='word_1_19' title='bbox 989 1061 1225 1158; x_wconf 87' lang='lat' dir='ltr'>temporibus</span> <span class='ocrx_word' id='word_1_20' title='bbox 1238 1063 1381 1160; x_wconf 76' lang='lat' dir='ltr'>saepius</span> <span class='ocrx_word' id='word_1_21' title='bbox 1402 1065 1535 1156; x_wconf 89' lang='lat' dir='ltr'>oritur,</span> 
     </span>
     <span class='ocr_line' id='line_1_5' title="bbox 421 1181 1541 1280; baseline 0.001 -19"><span class='ocrx_word' id='word_1_22' title='bbox 421 1181 536 1262; x_wconf 89' lang='lat' dir='ltr'>idest</span> <span class='ocrx_word' id='word_1_23' title='bbox 559 1187 785 1260; x_wconf 86' lang='lat' dir='ltr'>discordiam</span> <span class='ocrx_word' id='word_1_24' title='bbox 809 1187 904 1258; x_wconf 91' lang='lat' dir='ltr'>inter</span> <span class='ocrx_word' id='word_1_25' title='bbox 928 1187 1032 1278; x_wconf 84' lang='lat' dir='ltr'>leges</span> <span class='ocrx_word' id='word_1_26' title='bbox 1055 1195 1202 1260; x_wconf 71' lang='lat' dir='ltr'>naturae</span> <span class='ocrx_word' id='word_1_27' title='bbox 1224 1196 1261 1261; x_wconf 90' lang='lat' dir='ltr'>et</span> <span class='ocrx_word' id='word_1_28' title='bbox 1285 1189 1392 1280; x_wconf 84' lang='lat' dir='ltr'>leges</span> <span class='ocrx_word' id='word_1_29' title='bbox 1414 1210 1541 1262; x_wconf 92' lang='lat' dir='ltr'>mora-</span> 
     </span>
     <span class='ocr_line' id='line_1_6' title="bbox 421 1311 1347 1408; baseline 0 -22"><span class='ocrx_word' id='word_1_30' title='bbox 421 1314 490 1404; x_wconf 88' lang='lat' dir='ltr'>les,</span> <span class='ocrx_word' id='word_1_31' title='bbox 518 1333 615 1408; x_wconf 87' lang='lat' dir='ltr'>quas</span> <span class='ocrx_word' id='word_1_32' title='bbox 638 1312 792 1406; x_wconf 90' lang='lat' dir='ltr'>quidem</span> <span class='ocrx_word' id='word_1_33' title='bbox 820 1311 1023 1384; x_wconf 83' lang='lat' dir='ltr'>Christiani</span> <span class='ocrx_word' id='word_1_34' title='bbox 1047 1312 1347 1386; x_wconf 84' lang='lat' dir='ltr'>constituerint.²</span> 
     </span>
     <span class='ocr_line' id='line_1_7' title="bbox 471 1435 1539 1529; baseline 0 -17"><span class='ocrx_word' id='word_1_35' title='bbox 471 1435 650 1512; x_wconf 91' lang='lat' dir='ltr'>Dissimili</span> <span class='ocrx_word' id='word_1_36' title='bbox 670 1436 716 1509; x_wconf 90' lang='lat' dir='ltr'>de</span> <span class='ocrx_word' id='word_1_37' title='bbox 736 1457 855 1510; x_wconf 83' lang='lat' dir='ltr'>causa</span> <span class='ocrx_word' id='word_1_38' title='bbox 872 1438 1065 1510; x_wconf 78' lang='lat' dir='ltr'>Jonhnuns</span> <span class='ocrx_word' id='word_1_39' title='bbox 1084 1439 1241 1529; x_wconf 81' lang='lat' dir='ltr'>Scncnn,</span> <span class='ocrx_word' id='word_1_40' title='bbox 1268 1439 1539 1512; x_wconf 83' lang='lat' dir='ltr'>severissimus</span> 
     </span>
     <span class='ocr_line' id='line_1_8' title="bbox 423 1560 1538 1658; baseline 0.001 -24"><span class='ocrx_word' id='word_1_41' title='bbox 423 1563 483 1635; x_wconf 92' lang='lat' dir='ltr'>ille</span> <span class='ocrx_word' id='word_1_42' title='bbox 503 1570 540 1635; x_wconf 89' lang='lat' dir='ltr'>et</span> <span class='ocrx_word' id='word_1_43' title='bbox 558 1562 793 1636; x_wconf 86' lang='lat' dir='ltr'>iustissimus</span> <span class='ocrx_word' id='word_1_44' title='bbox 816 1560 1053 1635; x_wconf 90' lang='lat' dir='ltr'>Zurichensis</span> <span class='ocrx_word' id='word_1_45' title='bbox 1067 1561 1315 1658; x_wconf 80' lang='lat' dir='ltr'>polytechnici</span> <span class='ocrx_word' id='word_1_46' title='bbox 1332 1563 1538 1658; x_wconf 78' lang='lat' dir='ltr'>professor,</span> 
     </span>
     <span class='ocr_line' id='line_1_9' title="bbox 423 1684 1542 1783; baseline 0.003 -25"><span class='ocrx_word' id='word_1_47' title='bbox 423 1687 563 1760; x_wconf 88' lang='lat' dir='ltr'>iudicat</span> <span class='ocrx_word' id='word_1_48' title='bbox 582 1685 829 1782; x_wconf 63' lang='lat' dir='ltr'>Affinr&#39;tetes</span> <span class='ocrx_word' id='word_1_49' title='bbox 850 1684 1041 1758; x_wconf 76' lang='grc'><strong>6166116666</strong></span> <span class='ocrx_word' id='word_1_50' title='bbox 1061 1687 1255 1783; x_wconf 83' lang='lat' dir='ltr'>exemplar</span> <span class='ocrx_word' id='word_1_51' title='bbox 1274 1709 1359 1762; x_wconf 88' lang='lat' dir='ltr'>esse</span> <span class='ocrx_word' id='word_1_52' title='bbox 1391 1712 1411 1756; x_wconf 89' lang='lat'>«</span> <span class='ocrx_word' id='word_1_53' title='bbox 1439 1688 1542 1782; x_wconf 90' lang='lat' dir='ltr'>quod</span> 
     </span>
     <span class='ocr_line' id='line_1_10' title="bbox 423 1811 1541 1908; baseline 0.001 -24"><span class='ocrx_word' id='word_1_54' title='bbox 423 1811 551 1885; x_wconf 90' lang='lat' dir='ltr'>nullus</span> <span class='ocrx_word' id='word_1_55' title='bbox 574 1811 759 1884; x_wconf 89' lang='lat' dir='ltr'>recentior</span> <span class='ocrx_word' id='word_1_56' title='bbox 787 1812 961 1884; x_wconf 84' lang='lat' dir='ltr'>fictarum</span> <span class='ocrx_word' id='word_1_57' title='bbox 990 1811 1235 1884; x_wconf 80' lang='lat' dir='ltr'>historiarum</span> <span class='ocrx_word' id='word_1_58' title='bbox 1259 1813 1420 1908; x_wconf 87' lang='lat' dir='ltr'>scriptor</span> <span class='ocrx_word' id='word_1_59' title='bbox 1449 1834 1541 1885; x_wconf 92' lang='lat' dir='ltr'>um-</span> 
     </span>
     <span class='ocr_line' id='line_1_11' title="bbox 424 1931 1543 2034; baseline 0.001 -25"><span class='ocrx_word' id='word_1_60' title='bbox 424 1931 540 2032; x_wconf 81' lang='lat' dir='ltr'>quam</span> <span class='ocrx_word' id='word_1_61' title='bbox 564 1935 754 2028; x_wconf 75' lang='lat' dir='ltr'>attigerit²</span> <span class='ocrx_word' id='word_1_62' title='bbox 783 1961 802 2006; x_wconf 89' lang='grc'>»</span> <span class='ocrx_word' id='word_1_63' title='bbox 824 1935 1000 2031; x_wconf 88' lang='lat' dir='ltr'>qnodque</span> <span class='ocrx_word' id='word_1_64' title='bbox 1020 1936 1130 2010; x_wconf 91' lang='lat' dir='ltr'>nobis</span> <span class='ocrx_word' id='word_1_65' title='bbox 1154 1944 1242 2010; x_wconf 87' lang='lat' dir='ltr'>ante</span> <span class='ocrx_word' id='word_1_66' title='bbox 1267 1938 1399 2012; x_wconf 90' lang='lat' dir='ltr'>oculos</span> <span class='ocrx_word' id='word_1_67' title='bbox 1424 1945 1543 2034; x_wconf 87' lang='lat' dir='ltr'>ponat</span> 
     </span>
    </p>
   </div>
   <div class='ocr_carea' id='block_1_3' title="bbox 323 2047 1540 2156">
    <p class='ocr_par' dir='ltr' id='par_1_3' title="bbox 323 2047 1540 2156">
     <span class='ocr_line' id='line_1_12' title="bbox 323 2047 1540 2156; baseline 0.002 -22"><span class='ocrx_word' id='word_1_68' title='bbox 323 2047 326 2054; x_wconf 44' lang='lat'><strong>⁴</strong></span> <span class='ocrx_word' id='word_1_69' title='bbox 424 2083 541 2156; x_wconf 86' lang='lat' dir='ltr'>quam</span> <span class='ocrx_word' id='word_1_70' title='bbox 562 2061 722 2134; x_wconf 89' lang='lat' dir='ltr'>mirabili</span> <span class='ocrx_word' id='word_1_71' title='bbox 736 2069 817 2134; x_wconf 85' lang='lat' dir='ltr'>arte</span> <span class='ocrx_word' id='word_1_72' title='bbox 837 2061 1011 2135; x_wconf 79' lang='lat' dir='ltr'>Goethius</span> <span class='ocrx_word' id='word_1_73' title='bbox 1025 2069 1063 2134; x_wconf 89' lang='lat' dir='ltr'>et</span> <span class='ocrx_word' id='word_1_74' title='bbox 1076 2083 1137 2136; x_wconf 90' lang='lat' dir='ltr'>res</span> <span class='ocrx_word' id='word_1_75' title='bbox 1152 2070 1299 2136; x_wconf 87' lang='lat' dir='ltr'>naturae</span> <span class='ocrx_word' id='word_1_76' title='bbox 1313 2071 1351 2136; x_wconf 89' lang='lat' dir='ltr'>et</span> <span class='ocrx_word' id='word_1_77' title='bbox 1364 2063 1540 2138; x_wconf 89' lang='lat' dir='ltr'>homines</span> 
     </span>
    </p>
   </div>
   <div class='ocr_carea' id='block_1_4' title="bbox 128 3568 360 3723">
    <p class='ocr_par' dir='ltr' id='par_1_4' title="bbox 128 3568 360 3723">
     <span class='ocr_line' id='line_1_13' title="bbox 128 3568 360 3624; baseline 0.004 -1"><span class='ocrx_word' id='word_1_78' title='bbox 128 3568 360 3624; x_wconf 69' lang='lat' dir='ltr'>Francocnnm</span> 
     </span>
     <span class='ocr_line' id='line_1_14' title="bbox 180 3667 304 3723; baseline 0.008 -1"><span class='ocrx_word' id='word_1_79' title='bbox 180 3667 304 3723; x_wconf 84' lang='lat' dir='ltr'>Cruncr</span> 
     </span>
    </p>
   </div>
   <div class='ocr_carea' id='block_1_5' title="bbox 424 2186 1573 3410">
    <p class='ocr_par' dir='ltr' id='par_1_5' title="bbox 424 2186 768 2284">
     <span class='ocr_line' id='line_1_15' title="bbox 424 2186 768 2284; baseline 0 -26"><span class='ocrx_word' id='word_1_80' title='bbox 424 2189 530 2284; x_wconf 86' lang='lat' dir='ltr'>ipsos</span> <span class='ocrx_word' id='word_1_81' title='bbox 549 2186 768 2283; x_wconf 81' lang='lat' dir='ltr'>depinxerit.</span> 
     </span>
    </p>

    <p class='ocr_par' dir='ltr' id='par_1_6' title="bbox 424 2312 1573 3158">
     <span class='ocr_line' id='line_1_16' title="bbox 475 2312 1541 2407; baseline 0.001 -23"><span class='ocrx_word' id='word_1_82' title='bbox 475 2314 708 2385; x_wconf 65' lang='lat' dir='ltr'>Hennenses</span> <span class='ocrx_word' id='word_1_83' title='bbox 726 2313 857 2384; x_wconf 74' lang='lat' dir='ltr'>Maron</span> <span class='ocrx_word' id='word_1_84' title='bbox 877 2312 1049 2407; x_wconf 87' lang='lat' dir='ltr'>deniqne,</span> <span class='ocrx_word' id='word_1_85' title='bbox 1072 2313 1201 2406; x_wconf 91' lang='lat' dir='ltr'>quide</span> <span class='ocrx_word' id='word_1_86' title='bbox 1223 2312 1356 2388; x_wconf 90' lang='lat' dir='ltr'>litteris</span> <span class='ocrx_word' id='word_1_87' title='bbox 1390 2334 1541 2406; x_wconf 83' lang='lat' dir='ltr'>germa-</span> 
     </span>
     <span class='ocr_line' id='line_1_17' title="bbox 426 2437 1540 2531; baseline 0.001 -23"><span class='ocrx_word' id='word_1_88' title='bbox 426 2437 519 2510; x_wconf 87' lang='lat' dir='ltr'>nicis</span> <span class='ocrx_word' id='word_1_89' title='bbox 545 2457 701 2528; x_wconf 89' lang='lat' dir='ltr'>novum,</span> <span class='ocrx_word' id='word_1_90' title='bbox 731 2437 909 2509; x_wconf 85' lang='lat' dir='ltr'>doctrinae</span> <span class='ocrx_word' id='word_1_91' title='bbox 939 2437 1048 2531; x_wconf 87' lang='lat' dir='ltr'>copia</span> <span class='ocrx_word' id='word_1_92' title='bbox 1077 2438 1173 2509; x_wconf 90' lang='lat' dir='ltr'>inter</span> <span class='ocrx_word' id='word_1_93' title='bbox 1203 2444 1351 2512; x_wconf 89' lang='lat' dir='ltr'>ceteros</span> <span class='ocrx_word' id='word_1_94' title='bbox 1372 2439 1540 2511; x_wconf 90' lang='lat' dir='ltr'>eminen-</span> 
     </span>
     <span class='ocr_line' id='line_1_18' title="bbox 426 2559 1540 2658; baseline 0.002 -25"><span class='ocrx_word' id='word_1_95' title='bbox 426 2569 503 2634; x_wconf 87' lang='lat' dir='ltr'>tem</span> <span class='ocrx_word' id='word_1_96' title='bbox 523 2561 661 2634; x_wconf 90' lang='lat' dir='ltr'>librnm</span> <span class='ocrx_word' id='word_1_97' title='bbox 681 2559 842 2658; x_wconf 89' lang='lat' dir='ltr'>scripsit,</span> <span class='ocrx_word' id='word_1_98' title='bbox 866 2561 953 2634; x_wconf 92' lang='lat' dir='ltr'>dicit</span> <span class='ocrx_word' id='word_1_99' title='bbox 967 2561 1161 2636; x_wconf 84' lang='lat' dir='ltr'>Goethinm</span> <span class='ocrx_word' id='word_1_100' title='bbox 1182 2583 1321 2636; x_wconf 89' lang='lat' dir='ltr'>sumna</span> <span class='ocrx_word' id='word_1_101' title='bbox 1336 2571 1418 2636; x_wconf 87' lang='lat' dir='ltr'>arte</span> <span class='ocrx_word' id='word_1_102' title='bbox 1434 2585 1540 2637; x_wconf 91' lang='lat' dir='ltr'>sum-</span> 
     </span>
     <span class='ocr_line' id='line_1_19' title="bbox 424 2686 1541 2782; baseline 0.001 -21"><span class='ocrx_word' id='word_1_103' title='bbox 424 2709 563 2782; x_wconf 87' lang='lat' dir='ltr'>maque</span> <span class='ocrx_word' id='word_1_104' title='bbox 583 2687 782 2761; x_wconf 88' lang='lat' dir='ltr'>honestate</span> <span class='ocrx_word' id='word_1_105' title='bbox 806 2708 866 2762; x_wconf 92' lang='lat' dir='ltr'>res</span> <span class='ocrx_word' id='word_1_106' title='bbox 897 2686 1131 2782; x_wconf 87' lang='lat' dir='ltr'>periculosas</span> <span class='ocrx_word' id='word_1_107' title='bbox 1150 2709 1195 2760; x_wconf 90' lang='grc'>66</span> <span class='ocrx_word' id='word_1_108' title='bbox 1215 2687 1381 2762; x_wconf 85' lang='lat' dir='ltr'>lubricas</span> <span class='ocrx_word' id='word_1_109' title='bbox 1402 2695 1541 2762; x_wconf 88' lang='lat' dir='ltr'>tracta-</span> 
     </span>
     <span class='ocr_line' id='line_1_20' title="bbox 426 2811 1573 2909; baseline 0.002 -25"><span class='ocrx_word' id='word_1_110' title='bbox 426 2811 569 2887; x_wconf 80' lang='lat' dir='ltr'>visse.⁸</span> <span class='ocrx_word' id='word_1_111' title='bbox 596 2812 853 2895; x_wconf 87' lang='lat' dir='ltr'>Quamobrem</span> <span class='ocrx_word' id='word_1_112' title='bbox 872 2813 932 2884; x_wconf 88' lang='lat' dir='ltr'>hic</span> <span class='ocrx_word' id='word_1_113' title='bbox 965 2834 1115 2908; x_wconf 92' lang='grc'><strong>666666</strong></span> <span class='ocrx_word' id='word_1_114' title='bbox 1149 2813 1301 2886; x_wconf 89' lang='lat' dir='ltr'>criticus</span> <span class='ocrx_word' id='word_1_115' title='bbox 1331 2813 1540 2909; x_wconf 88' lang='lat' dir='ltr'>pulchritu-</span> <span class='ocrx_word' id='word_1_116' title='bbox 1569 2890 1573 2895; x_wconf 70' lang='grc'>,</span> 
     </span>
     <span class='ocr_line' id='line_1_21' title="bbox 424 2935 1541 3034; baseline 0.002 -24"><span class='ocrx_word' id='word_1_117' title='bbox 424 2937 521 3010; x_wconf 89' lang='lat' dir='ltr'>dinis</span> <span class='ocrx_word' id='word_1_118' title='bbox 557 2945 670 3032; x_wconf 90' lang='lat' dir='ltr'>atque</span> <span class='ocrx_word' id='word_1_119' title='bbox 691 2938 888 3030; x_wconf 70' lang='lat' dir='ltr'>elegantiae</span> <span class='ocrx_word' id='word_1_120' title='bbox 910 2935 1153 3011; x_wconf 86' lang='lat' dir='ltr'>excusatione</span> <span class='ocrx_word' id='word_1_121' title='bbox 1178 2937 1319 3031; x_wconf 87' lang='lat' dir='ltr'>omnia,</span> <span class='ocrx_word' id='word_1_122' title='bbox 1343 2959 1430 3034; x_wconf 85' lang='lat' dir='ltr'>qnae</span> <span class='ocrx_word' id='word_1_123' title='bbox 1454 2941 1541 3012; x_wconf 73' lang='grc'><strong>(166-</strong></span> 
     </span>
     <span class='ocr_line' id='line_1_22' title="bbox 425 3053 1052 3158; baseline 0.002 -24"><span class='ocrx_word' id='word_1_124' title='bbox 425 3053 528 3136; x_wconf 88' lang='lat' dir='ltr'>thius</span> <span class='ocrx_word' id='word_1_125' title='bbox 546 3062 709 3158; x_wconf 86' lang='lat' dir='ltr'>scripsit,</span> <span class='ocrx_word' id='word_1_126' title='bbox 734 3064 873 3136; x_wconf 85' lang='lat' dir='ltr'>texisse</span> <span class='ocrx_word' id='word_1_127' title='bbox 894 3063 1052 3135; x_wconf 89' lang='lat' dir='ltr'>videtur.</span> 
     </span>
    </p>

    <p class='ocr_par' dir='ltr' id='par_1_7' title="bbox 426 3181 1534 3410">
     <span class='ocr_line' id='line_1_23' title="bbox 473 3181 1534 3283; baseline 0.003 -23"><span class='ocrx_word' id='word_1_128' title='bbox 473 3187 571 3261; x_wconf 87' lang='lat' dir='ltr'>lnlra</span> <span class='ocrx_word' id='word_1_129' title='bbox 587 3188 702 3260; x_wconf 87' lang='lat' dir='ltr'>visuri</span> <span class='ocrx_word' id='word_1_130' title='bbox 722 3181 859 3262; x_wconf 90' lang='lat' dir='ltr'>sumus</span> <span class='ocrx_word' id='word_1_131' title='bbox 886 3195 1072 3283; x_wconf 85' lang='lat' dir='ltr'>quantum</span> <span class='ocrx_word' id='word_1_132' title='bbox 1093 3189 1174 3263; x_wconf 86' lang='lat' dir='ltr'>haec</span> <span class='ocrx_word' id='word_1_133' title='bbox 1194 3190 1419 3263; x_wconf 86' lang='lat' dir='ltr'>diiudicandi</span> <span class='ocrx_word' id='word_1_134' title='bbox 1438 3189 1534 3263; x_wconf 89' lang='lat' dir='ltr'>ratio</span> 
     </span>
     <span class='ocr_line' id='line_1_24' title="bbox 426 3311 985 3410; baseline 0 -24"><span class='ocrx_word' id='word_1_135' title='bbox 426 3320 593 3387; x_wconf 86' lang='lat' dir='ltr'>anostro</span> <span class='ocrx_word' id='word_1_136' title='bbox 612 3311 748 3385; x_wconf 89' lang='lat' dir='ltr'>iudicio</span> <span class='ocrx_word' id='word_1_137' title='bbox 786 3314 985 3410; x_wconf 84' lang='lat' dir='ltr'>discrepet.</span> 
     </span>
    </p>
   </div>
   <div class='ocr_carea' id='block_1_6' title="bbox 427 3543 1543 4014">
    <p class='ocr_par' dir='ltr' id='par_1_8' title="bbox 427 3543 1543 4014">
     <span class='ocr_line' id='line_1_25' title="bbox 476 3543 1542 3644; baseline 0.003 -28"><span class='ocrx_word' id='word_1_138' title='bbox 476 3545 810 3638; x_wconf 85' lang='lat' dir='ltr'>Francogallorum</span> <span class='ocrx_word' id='word_1_139' title='bbox 829 3543 958 3635; x_wconf 87' lang='lat' dir='ltr'>critici,</span> <span class='ocrx_word' id='word_1_140' title='bbox 981 3545 1124 3644; x_wconf 74' lang='lat' dir='ltr'>nostris¹</span> <span class='ocrx_word' id='word_1_141' title='bbox 1136 3545 1288 3639; x_wconf 90' lang='lat' dir='ltr'>quidem</span> <span class='ocrx_word' id='word_1_142' title='bbox 1305 3546 1542 3642; x_wconf 88' lang='lat' dir='ltr'>temporibus</span> 
     </span>
     <span class='ocr_line' id='line_1_26' title="bbox 428 3669 1542 3764; baseline 0.003 -23"><span class='ocrx_word' id='word_1_143' title='bbox 428 3675 582 3741; x_wconf 64' lang='lat' dir='ltr'>{etatem</span> <span class='ocrx_word' id='word_1_144' title='bbox 612 3677 783 3761; x_wconf 67' lang='lat' dir='ltr'>agentes</span> <span class='ocrx_word' id='word_1_145' title='bbox 814 3669 952 3741; x_wconf 88' lang='lat' dir='ltr'>librom</span> <span class='ocrx_word' id='word_1_146' title='bbox 981 3669 1026 3742; x_wconf 90' lang='lat' dir='ltr'>de</span> <span class='ocrx_word' id='word_1_147' title='bbox 1060 3691 1135 3764; x_wconf 93' lang='grc'>666</span> <span class='ocrx_word' id='word_1_148' title='bbox 1163 3671 1387 3744; x_wconf 87' lang='lat' dir='ltr'>disserimus</span> <span class='ocrx_word' id='word_1_149' title='bbox 1416 3671 1542 3764; x_wconf 82' lang='lat' dir='ltr'>magis</span> 
     </span>
     <span class='ocr_line' id='line_1_27' title="bbox 427 3793 1543 3891; baseline 0.004 -27"><span class='ocrx_word' id='word_1_150' title='bbox 427 3793 590 3889; x_wconf 85' lang='lat' dir='ltr'>probant</span> <span class='ocrx_word' id='word_1_151' title='bbox 612 3814 729 3888; x_wconf 85' lang='lat' dir='ltr'>quam</span> <span class='ocrx_word' id='word_1_152' title='bbox 753 3795 894 3868; x_wconf 76' lang='lat' dir='ltr'>saeculo</span> <span class='ocrx_word' id='word_1_153' title='bbox 920 3795 1200 3868; x_wconf 83' lang='lat' dir='ltr'>undevicesimo</span> <span class='ocrx_word' id='word_1_154' title='bbox 1225 3796 1376 3868; x_wconf 89' lang='lat' dir='ltr'>ineunte</span> <span class='ocrx_word' id='word_1_155' title='bbox 1396 3795 1543 3891; x_wconf 89' lang='lat' dir='ltr'>primas</span> 
     </span>
     <span class='ocr_line' id='line_1_28' title="bbox 427 3918 1541 4014; baseline 0.002 -24"><span class='ocrx_word' id='word_1_156' title='bbox 427 3919 509 3992; x_wconf 89' lang='lat' dir='ltr'>eins</span> <span class='ocrx_word' id='word_1_157' title='bbox 544 3918 701 4011; x_wconf 79' lang='lat' dir='ltr'>gallicas</span> <span class='ocrx_word' id='word_1_158' title='bbox 733 3919 1060 4014; x_wconf 88' lang='lat' dir='ltr'>interpretationes</span> <span class='ocrx_word' id='word_1_159' title='bbox 1094 3920 1353 3993; x_wconf 84' lang='lat' dir='ltr'>laudaverant.</span> <span class='ocrx_word' id='word_1_160' title='bbox 1381 3919 1541 3992; x_wconf 85' lang='lat' dir='ltr'>Summo</span> 
     </span>
    </p>
   </div>
   <div class='ocr_carea' id='block_1_7' title="bbox 426 4174 1541 4542">
    <p class='ocr_par' dir='ltr' id='par_1_9' title="bbox 460 4174 1541 4241">
     <span class='ocr_line' id='line_1_29' title="bbox 460 4174 1541 4241; baseline -0.001 -8"><span class='ocrx_word' id='word_1_161' title='bbox 460 4180 468 4214; x_wconf 77' lang='lat'>⁸</span> <span class='ocrx_word' id='word_1_162' title='bbox 487 4176 660 4234; x_wconf 65' lang='lat' dir='ltr'>Grundrtss</span> <span class='ocrx_word' id='word_1_163' title='bbox 675 4175 729 4230; x_wconf 82' lang='lat' dir='ltr'>der</span> <span class='ocrx_word' id='word_1_164' title='bbox 740 4174 901 4232; x_wconf 78' lang='lat' dir='ltr'>deutschen</span> <span class='ocrx_word' id='word_1_165' title='bbox 912 4175 1092 4240; x_wconf 71' lang='grc'><strong>1111666166,</strong></span> <span class='ocrx_word' id='word_1_166' title='bbox 1110 4179 1158 4234; x_wconf 89' lang='lat' dir='ltr'>ed.</span> <span class='ocrx_word' id='word_1_167' title='bbox 1171 4179 1342 4241; x_wconf 87' lang='lat' dir='ltr'>undecima,</span> <span class='ocrx_word' id='word_1_168' title='bbox 1356 4189 1541 4235; x_wconf 75' lang='lat' dir='ltr'>nncechxx.</span> 
     </span>
    </p>

    <p class='ocr_par' dir='ltr' id='par_1_10' title="bbox 460 4272 1309 4354">
     <span class='ocr_line' id='line_1_30' title="bbox 460 4272 1309 4354; baseline 0.002 -24"><span class='ocrx_word' id='word_1_169' title='bbox 460 4275 471 4312; x_wconf 80' lang='lat'><strong>²</strong></span> <span class='ocrx_word' id='word_1_170' title='bbox 488 4273 675 4354; x_wconf 73' lang='lat' dir='ltr'>Allpemeine</span> <span class='ocrx_word' id='word_1_171' title='bbox 690 4272 1128 4337; x_wconf 72' lang='grc' dir='ltr'><strong>06661161166166·111166·616ν,</strong></span> <span class='ocrx_word' id='word_1_172' title='bbox 1146 4289 1182 4340; x_wconf 92' lang='lat'>11,</span> <span class='ocrx_word' id='word_1_173' title='bbox 1200 4291 1228 4344; x_wconf 87' lang='lat' dir='ltr'>p.</span> <span class='ocrx_word' id='word_1_174' title='bbox 1245 4275 1309 4332; x_wconf 76' lang='lat'>245.</span> 
     </span>
    </p>

    <p class='ocr_par' dir='ltr' id='par_1_11' title="bbox 426 4369 1535 4542">
     <span class='ocr_line' id='line_1_31' title="bbox 459 4369 1535 4442; baseline 0.003 -15"><span class='ocrx_word' id='word_1_175' title='bbox 459 4374 470 4408; x_wconf 81' lang='lat'><strong>³</strong></span> <span class='ocrx_word' id='word_1_176' title='bbox 487 4371 660 4427; x_wconf 84' lang='lat' dir='ltr'>Gesehichte</span> <span class='ocrx_word' id='word_1_177' title='bbox 675 4370 729 4425; x_wconf 86' lang='lat' dir='ltr'>der</span> <span class='ocrx_word' id='word_1_178' title='bbox 740 4369 902 4426; x_wconf 79' lang='lat' dir='ltr'>deutschen</span> <span class='ocrx_word' id='word_1_179' title='bbox 915 4369 1095 4434; x_wconf 85' lang='lat' dir='ltr'>Litteretur,</span> <span class='ocrx_word' id='word_1_180' title='bbox 1107 4373 1535 4442; x_wconf 74' lang='grc'><strong>(1661611666611,66666666,</strong></span> 
     </span>
     <span class='ocr_line' id='line_1_32' title="bbox 426 4471 550 4542; baseline -0.016 -15"><span class='ocrx_word' id='word_1_181' title='bbox 426 4485 462 4534; x_wconf 89' lang='lat'>11,</span> <span class='ocrx_word' id='word_1_182' title='bbox 479 4471 550 4542; x_wconf 68' lang='lat' dir='ltr'>§bt</span> 
     </span>
    </p>
   </div>
   <div class='ocr_carea' id='block_1_8' title="bbox 0 0 1843 5644">
    <p class='ocr_par' dir='ltr' id='par_1_12' title="bbox 0 0 1843 5644">
     <span class='ocr_line' id='line_1_33' title="bbox 0 0 1843 5644; baseline 0 0"><span class='ocrx_word' id='word_1_183' title='bbox 0 0 1843 5644; x_wconf 95' lang='lat' dir='ltr'> </span> 
     </span>
    </p>
   </div>
  </div>
 </body>
</html>
