3680 5612
903 780 1080 840 -lto-

438 909 571 983 melior
589 930 635 982 ex
654 912 756 984 omni
775 920 881 1009 parte
901 914 944 987 fit
963 915 1005 1010 (l,
1022 914 1114 1008 mv).
1139 917 1186 989 Et
1205 917 1277 990 hoo
1296 937 1446 1012 quoque
1461 937 1547 1013 pes-

437 1035 592 1128 simum,
611 1041 727 1110 tantae
746 1037 866 1134 culpae
895 1039 1090 1113 conscium
1117 1041 1310 1114 hominem
1340 1041 1377 1114 in
1408 1041 1546 1116 melius
1624 1045 1626 1050 ’

439 1161 588 1234 mutari.
626 1186 645 1230 «
671 1164 760 1235 Man
779 1183 888 1237 muss
913 1185 984 1237 nur
1003 1163 1083 1237 Ein
1104 1168 1259 1258 Wesen,
1282 1166 1414 1261 inquit,
1438 1167 1545 1240 recht

437 1305 511 1357 von
525 1286 653 1358 Grund
672 1307 743 1361 aus
757 1286 892 1381 lieben,
906 1289 955 1362 da
974 1288 1154 1363 kommen
1167 1291 1290 1364 einem
1307 1291 1366 1364 die
1385 1290 1543 1384 dbrigen

440 1409 512 1484 alle
532 1410 822 1508 liebenswirrdig
841 1435 906 1486 vor
927 1420 933 1486 t
964 1439 983 1483 n
1007 1416 1049 1510 (l,
1071 1414 1152 1508 nn).
1175 1417 1296 1490 Antea
1313 1417 1432 1490 durus
1451 1416 1540 1508 lere,

438 1557 480 1609 se
500 1557 620 1610 unum
638 1537 794 1612 amabat
813 1563 821 1610 :
842 1559 956 1633 nunc,
978 1561 1053 1612 non
1073 1541 1198 1614 solum
1217 1541 1382 1615 Ottiliam
1401 1541 1544 1637 perdite

438 1659 568 1754 diligit,
590 1661 657 1735 sed
676 1669 713 1735 et
741 1663 779 1734 in
805 1671 951 1737 ceteros
980 1666 1101 1739 comis
1131 1672 1169 1738 et
1198 1665 1293 1740 lenis
1321 1671 1391 1739 est.
1424 1666 1545 1739 Antea

437 1785 596 1882 pigritiae
616 1793 654 1860 et
673 1788 827 1862 arbitrio
846 1810 917 1864 suo
936 1791 1097 1884 deditus,
1118 1812 1218 1865 nunc
1238 1791 1374 1888 etipse
1397 1790 1545 1864 laborat

438 1915 475 1983 et
494 1897 642 1986 ceteros
662 1914 710 1987 ad
734 1913 903 1988 laborem
927 1915 1108 2011 impellit:
1138 1917 1266 1991 omnia
1288 1917 1389 1990 enim
1412 1923 1546 2013 parata

437 2055 523 2110 esse
557 2036 694 2112 dehent
726 2045 763 2112 et
794 2040 973 2134 perlecta,
1006 2062 1094 2114 cum
1126 2041 1262 2116 natalis
1298 2041 1433 2116 Ottiliae
1466 2041 1546 2115 dies

437 2161 607 2234 venerit:
633 2187 652 2232 u
679 2167 757 2238 Das
788 2165 1046 2240 Bewusstsein
1069 2189 1116 2239 zu
1144 2167 1267 2240 lieben
1298 2167 1373 2239 und
1407 2165 1546 2259 geliebt

437 2308 483 2358 zu
502 2286 651 2360 werden
683 2287 795 2362 treibt
819 2289 883 2362 ihn
907 2289 966 2364 ins
992 2291 1261 2364 Unendliche...
1289 2291 1375 2363 Wie
1399 2312 1440 2364 er
1464 2290 1544 2364 sich

436 2411 586 2486 Ottilien
600 2414 833 2507 zuzueignen
853 2414 1046 2508 begehrte,
1068 2436 1111 2490 so
1131 2415 1269 2489 kannte
1288 2436 1329 2487 er
1341 2415 1439 2489 auch
1458 2415 1544 2487 kein

435 2539 542 2612 Mass
580 2537 647 2612 des
669 2539 914 2633 HingebenS,
941 2541 1181 2632 Schenkens,
1213 2540 1495 2636 Versprechens
1521 2564 1541 2609 >›

438 2663 480 2758 (l,
495 2661 588 2755 x1v).

484 2787 679 2870 Quomodo
690 2789 761 2863 hoc
773 2788 855 2863 loco
870 2812 940 2865 nos
958 2811 1034 2863 non
1053 2790 1211 2884 lugeret,
1222 2790 1412 2884 quomodo
1430 2789 1543 2862 etiam

436 2911 641 3006 Goethium‚
673 2935 718 2987 ea
749 2915 990 3007 scribentem,
1022 2936 1097 2988 non
1133 2916 1293 3008 fugisset
1324 2914 1546 2989 Eduardum

304 3035 305 3038 '
435 3043 548 3110 antea
565 3045 677 3133 pacto
690 3040 931 3113 matrimonio
943 3040 1073 3132 teneri,
1088 3061 1210 3135 neque
1220 3040 1283 3114 isti
1293 3060 1391 3112 novo
1407 3039 1543 3129 amori,

435 3169 515 3236 tam
534 3162 692 3237 delicato
712 3170 750 3236 et
769 3185 836 3260 per
855 3186 896 3238 se
917 3186 1024 3259 pur0,
1046 3164 1177 3237 cedere
1201 3165 1281 3237 iure
1301 3185 1376 3237 non
1397 3183 1511 3258 posse
1530 3167 1547 3233 ‘l

390 3335 394 3344 ·
483 3289 531 3360 Et
549 3287 762 3381 grauiorem
781 3288 944 3363 Eduardi
968 3289 1120 3385 culpam
1147 3289 1219 3362 hoc
1237 3289 1338 3380 lacit,
1362 3287 1462 3383 quod
1489 3287 1546 3360 vir

436 3419 586 3486 matura
607 3412 685 3486 iam
706 3419 819 3486 aetate
842 3413 979 3508 aliique
1006 3414 1229 3487 coniunctus
1264 3413 1383 3504 uxori,
1415 3419 1545 3486 tenera

434 3543 546 3610 aetate
565 3536 744 3632 puellam,
768 3537 826 3610 vel
845 3538 970 3632 potius
989 3537 1195 3634 puellulam
1216 3537 1305 3630 lere,
1328 3536 1400 3612 sibi
1419 3535 1543 3609 credi-

434 3668 514 3735 tam
533 3667 570 3735 et
589 3663 649 3735 cui
677 3663 757 3758 ipse
776 3663 930 3736 unicum
950 3670 1009 3737 est
1033 3663 1091 3737 liis
1114 3663 1152 3735 in
1177 3663 1286 3736 terris
1310 3661 1541 3757 praesidium,

433 3787 577 3862 ardenti
597 3794 634 3860 et
653 3787 779 3861 illicito
800 3808 930 3861 amore
950 3789 1215 3884 prosequitur„

482 3913 562 3986 Hoc
584 3912 699 4006 igitur
726 3912 764 3985 in
783 3912 922 3986 talibus
942 3913 1097 4008 picturis
1121 3912 1331 4008 periculum
1358 3911 1544 4007 (repetam

433 4036 563 4132 enim),
585 4037 657 4110 hoc
677 4037 821 4113 malum
837 4057 1021 4134 :pravum
1041 4061 1065 4112 a
1083 4044 1199 4130 recto,
1212 4037 1382 4110 illicitum
1403 4057 1426 4108 a
1446 4035 1546 4108 licito

434 4162 537 4237 nullo
557 4163 637 4236 lere
658 4165 769 4238 modo
789 4165 1041 4260 distinguitur.
1064 4165 1122 4236 Re
1140 4185 1232 4236 vera
1247 4182 1355 4236 amor
1372 4161 1454 4257 ipse
1465 4182 1545 4258 per

434 4311 477 4362 se
498 4295 620 4386 atque
634 4297 677 4362 ut
688 4269 937 4387 'singularem
949 4288 1194 4388 poeticisqoe
1208 4282 1546 4383 descriptionibus

434 4411 705 4487 abundantem
725 4416 943 4488 proterium
956 4411 1143 4513 proebene
1157 4417 1365 4487 tractatur:
1386 4435 1405 4480 «
1425 4413 1465 4482 ln
1480 4410 1548 4483 der

434 4538 731 4634 Behagliohkeit,
744 4540 873 4616 womit
893 4542 958 4616 der
977 4537 1318 4632 sechzehnjaehrige
1335 4537 1431 4610 Herr
1448 4534 1545 4608 noch
