3640 5620
766 753 921 814 ..45-

288 892 373 966 illas
392 891 598 988 cupidines
621 889 780 963 vinculis
798 889 945 964 solutas
963 891 1202 966 reconciliare
1221 900 1394 988 possunt.

289 1018 432 1092 Fatalis
461 1023 520 1092 est
552 1015 670 1089 tristis
698 1021 857 1089 eventus
884 1015 1110 1114 (καταστροφή)
1131 1037 1253 1112 neque
1273 1017 1400 1091 minus

288 1142 527 1217 necessarius
560 1161 676 1236 quam
701 1141 740 1212 in
765 1139 923 1235 antiqua
954 1142 1174 1215 Graecorum
1199 1142 1396 1236 tragoedia.

288 1267 523 1342 Narrationis
537 1267 660 1340 exitus
674 1266 768 1362 ipse,
786 1287 900 1362 quem
925 1267 1110 1340 Gorvinus
1131 1273 1210 1341 tam
1233 1269 1398 1360 recenti,

289 1400 369 1468 tam
386 1392 662 1484 ,Romantica'
678 1391 822 1464 rationo
837 1392 1092 1488 compositum
1107 1412 1192 1466 esse
1207 1393 1398 1486 iudicavit,

291 1519 455 1592 maxime
475 1519 655 1590 Hettnero
675 1516 840 1611 antiquae
860 1515 998 1590 labulae
1019 1518 1242 1590 memoriam
1263 1518 1400 1591 referre

289 1643 447 1716 videtur.
477 1644 568 1715 Haec
591 1641 780 1716 contentio
807 1642 965 1736 tragica,
998 1642 1131 1736 inquit,
1163 1664 1250 1737 quae
1276 1644 1400 1716 adhuc

290 1768 386 1841 inter
422 1767 526 1840 duas-
547 1773 676 1864 partes
705 1766 906 1840 distributa
944 1774 1037 1859 erat,
1072 1787 1171 1840 nunc
1203 1769 1399 1842 inanimo

290 1893 403 1966 unius
413 1892 549 1966 Ottiliae
568 1892 701 1965 intima
721 1891 775 1964 fit.
802 1893 894 1975 Quae
919 1893 1025 1986 virgo
1046 1892 1195 1966 duabus
1221 1892 1401 1968 fatalibus

291 2017 444 2110 viribus
472 2018 567 2090 inter
591 2037 633 2090 so
661 2017 830 2114 paribus,
852 2017 1144 2090 circumvenitur
1171 2025 1207 2091 et
1228 2026 1397 2092 vexatur.

289 2145 420 2237 Neque
449 2142 660 2238 opprimere
683 2148 809 2238 potest
838 2141 964 2216 Ottilia
992 2163 1177 2235 amorem,
1204 2164 1280 2238 quo
1310 2165 1402 2236 erga

289 2267 509 2341 Eduardum
532 2266 805 2359 inflammatur,
832 2287 954 2362 neque
977 2267 1126 2360 ignorat
1155 2268 1277 2341 officio
1297 2269 1403 2364 posci

290 2398 331 2464 ut
350 2391 416 2465 tali
435 2391 555 2466 amori
575 2392 686 2489 plane
705 2391 909 2465 renunciet.
934 2391 1030 2465 Huic
1049 2392 1166 2466 animi
1190 2414 1404 2488 repugnan-

290 2518 353 2592 tiae
372 2516 598 2606 succumbit,
623 2537 713 2590 nam

534 2666 553 2710 (ι
574 2649 703 2715 manet
722 2640 794 2716 sub
814 2647 964 2736 pectore
985 2641 1124 2716 vulnus
1148 2666 1182 2734 »,

289 2774 403 2863 atque
417 2767 464 2859 is,
487 2787 602 2862 quem
621 2767 777 2858 amavit,
799 2765 904 2838 brevi
925 2773 1095 2864 ternpore
1115 2788 1202 2841 eam
1225 2775 1405 2862 sequetur

289 2893 338 2967 ad
357 2893 508 2966 inferos.

338 3001 419 3108 Hic,
441 3025 484 3092 ut
506 3017 559 3090 ait
578 3020 797 3107 Hettnerus,
815 3016 923 3089 artis
950 3017 1231 3088 necessitatem
1263 3017 1403 3090 inveni-

289 3163 376 3216 mus
394 3143 497 3236 (er'ne
513 3139 813 3215 unerlaessliche
836 3137 1231 3238 Kunstforderunp),
1245 3143 1306 3215 cui
1319 3164 1404 3238 pro·

289 3267 470 3360 gredienti
496 3267 600 3341 nulla
632 3266 775 3359 religio,
810 3266 914 3340 nulla
946 3265 1094 3337 vivendi
1131 3267 1404 3359 magistrorum

289 3399 478 3489 praecepta
498 3392 681 3466 obsistere
706 3399 897 3486 possunt:
924 3391 1071 3464 nullum
1097 3411 1194 3485 opus
1221 3393 1406 3484 gravitate

288 3537 415 3589 rerum
440 3537 525 3611 quae
549 3521 762 3607 narrantur,
790 3515 998 3589 subtilitate
1022 3515 1293 3613 explicationis,
1325 3524 1407 3590 arte

289 3640 562 3738 explanationis
583 3647 621 3712 et
645 3641 905 3736 descriptionis
938 3642 1139 3714 Goethiano
1164 3640 1260 3714 libro
1290 3663 1407 3738 prais·

291 3766 444 3840 tantius.
467 3769 645 3840 Attamen
664 3765 766 3839 addit
785 3765 964 3859 religione
984 3773 1098 3860 atque
1119 3765 1294 3840 molestia
1312 3787 1408 3862 qua-

290 3890 378 3964 dam
399 3890 498 3965 affici
518 3911 599 3983 eos
621 3891 684 3986 qui
704 3892 832 3964 fictam
851 3879 956 3965 illam
975 3891 1173 3964 historiam
1194 3891 1337 3986 legunt.
1360 3933 1406 3944 -

289 4016 476 4101 Quaeritur
522 4022 652 4089 autem
693 4039 779 4111 quae
820 4017 869 4089 sit
910 4016 1015 4109 origo
1052 4016 1154 4089 illius
1195 4016 1403 4110 religionis,

291 4161 407 4235 quarn
427 4140 565 4213 Goethii
584 4161 682 4237 opus
701 4141 794 4214 etin
815 4141 953 4214 animis
971 4141 1147 4234 ingenuis
1163 4148 1200 4213 et
1219 4141 1257 4212 in
1275 4148 1406 4214 mente

290 4285 461 4361 ipsorum
480 4265 630 4340 virtutis
646 4265 919 4360 magistrorum
935 4265 1133 4360 relinquat.
1152 4265 1293 4339 Credas
1311 4265 1406 4339 sorte

292 4392 517 4463 Hettnerum
545 4390 794 4487 probaturum
821 4411 920 4483 esse,
947 4391 1044 4464 hanc
1073 4390 1293 4484 religionem
1319 4391 1407 4463 oriri

293 4537 339 4589 ex
351 4517 389 4590 vi
401 4516 547 4609 morali,
563 4537 679 4611 quam
691 4515 785 4590 libro
796 4516 949 4590 insitam
965 4535 1050 4589 esse
1060 4515 1236 4588 vidimus
1250 4515 1404 4588 Minime
