908 1404
397 196 417 201 -·
427 189 456 204 ⁴25
467 196 486 200 —

163 224 245 246 sumptae
254 222 304 241 exitu
312 223 321 240 7
327 222 418 243 Quamvis
427 222 485 240 huius
495 222 561 240 mortis
571 222 668 240 horrorem
678 221 716 240 mi-
796 227 820 241 m

163 258 221 271 nuere
230 255 341 278 partemque
351 253 411 277 culpae
420 253 439 271 in
447 253 550 272 Mittlerum
557 253 627 271 reicere
636 253 716 277 scriptor
773 252 845 267 Offlfflss
875 265 878 269 ,

163 284 213 307 velit,
224 290 285 303 nonne
293 285 334 303 haec
343 284 399 309 plane
410 284 515 303 voluntaria
525 289 548 303 ac
557 286 624 308 sponte
636 284 708 308 quaesit:

163 320 216 334 mors
225 317 255 334 est
264 317 283 334 et
292 321 349 340 quam
361 318 453 340 praeterea
465 315 551 334 iucundis
563 315 708 339 illecebrosisqw

163 346 257 366 coloribus
266 347 353 366 Goethius
362 347 445 366 narravit
452 348 461 365 ‘1

186 378 236 397 Dum
252 378 321 397 librum
337 378 410 402 tragica
426 378 582 402 inflammataque
596 377 708 396 conclusion<

163 414 230 428 ornare
238 409 295 434 cupit,
302 414 340 428 non
349 411 403 428 curat
412 409 493 433 scriptor
500 414 566 428 verum
576 409 647 428 amoris
657 414 708 427 reme

162 440 215 459 dium
224 440 243 459 in
253 441 326 459 actione
335 441 419 465 positum
429 445 478 459 esse.
492 446 502 458 «
513 440 593 459 Virtutis
602 440 644 459 laus
656 440 707 458 omni

162 471 181 489 in
190 471 263 490 actione
273 472 381 495 consistit»,
392 473 414 490 ut
423 472 498 496 scripsit
507 471 578 490 Cicero*
586 472 647 496 Atque
653 472 708 496 eaips

162 502 237 521 Goethio
247 503 265 521 in
274 503 338 521 animo
349 503 442 522 sententia
450 505 497 526 erat,
508 502 570 526 credo,
581 508 626 521 cum
635 502 708 527 puellari

163 534 203 552 haec
219 534 328 558 loquentem
344 534 414 553 inducit
428 540 432 552 :
449 534 502 553 «Die
512 534 707 553 schaetzenswerthest

162 565 252 584 Freistatt
257 565 282 584 ist
292 565 316 583 da
325 570 348 583 zu
358 565 436 588 suchen,
445 571 475 583 wo
485 565 523 583 wir
532 565 603 589 thoetiy
613 565 656 583 sein
664 564 708 583 koen

163 601 221 614 nen...
238 596 304 614 Findet
318 601 363 615 man
380 596 429 615 mich
441 595 525 620 freudiq
540 595 572 614 bei
585 596 622 614 der
637 596 708 615 Arbeiz

163 626 281 646 unet-madet
299 627 319 645 in
335 628 410 646 meiner
426 627 514 652 Pflicht‚
530 627 580 646 dann
590 628 640 646 kann
649 628 679 646 ich
689 628 707 646 di

162 657 225 676 Blicke
234 658 287 677 eines
295 658 351 682 jeden
360 658 466 681 aushalten,
478 658 520 676 weil
529 658 559 677 ich
571 658 600 677 die
610 658 708 682 goettliche1

163 689 214 707 nicht
224 694 247 707 zu
257 689 341 708 scheuen
351 689 434 708 hrauche
444 695 454 707 1>
465 690 495 714 (ΙΙ,
504 689 543 713 xv).

186 720 263 739 Utinam
272 726 315 744 quae
325 720 376 743 dicit,
386 720 462 739 iecisset
473 722 477 739 l
488 721 538 739 Nam
549 721 585 739 hoc
597 722 637 739 erat
646 721 707 739 amori

162 751 273 772 remedium,
280 757 318 775 quo
327 757 365 770 non
374 751 496 776 praestantius
503 751 557 775 alter,
561 753 581 770 et
588 757 625 775 quo
632 752 708 771 Goethiu

162 782 202 807 ipse
214 783 260 801 olim
272 783 311 801 iam
323 788 371 802 usus
384 784 431 801 erat.
451 782 514 802 Minus
529 783 602 807 tragica
617 783 707 807 minusqu

162 814 211 832 fictae
227 814 311 833 historiae
322 814 404 833 fortasse
416 814 536 837 conveniens,
554 814 588 833 sed
603 816 654 833 certe
668 814 708 833 bun«

162 845 280 869 honestoque
285 846 348 869 magis
353 850 460 869 congruens
465 845 561 864 conclusio
565 845 639 864 fuisset.
643 846 708 864 Gcethl

159 876 239 901 quidem
248 876 317 895 licebat
326 876 359 895 tali
369 877 425 895 modo
433 876 503 895 librum
510 876 621 895 concludere
628 878 649 895 ut
654 877 708 900 legen

163 907 210 926 tium
226 909 301 926 mentes
314 913 391 926 summa
405 908 526 926 miseratione
537 910 669 932 permoveret;
684 913 708 927 sei

162 943 205 962 quae
217 938 265 957 fiunt
276 944 337 963 neque
350 938 427 957 laudare
441 939 481 962 ipse
497 944 531 963 pro
542 944 579 958 sua
589 941 643 963 parte
656 944 708 963 nequi

162 969 269 993 legentibus
278 969 384 994 approbare
394 969 498 988 debuisset.

185 1001 204 1019 Si
213 1002 278 1019 tamen
287 1001 345 1019 altius
354 1002 453 1025 penetrare
465 1006 543 1025 remque
555 1001 631 1025 penitus
645 1001 708 1025 perspi

161 1036 203 1050 cere
216 1032 269 1055 velis,
284 1037 344 1056 parva
355 1037 464 1056 magnaque
476 1032 518 1050 libri
531 1032 583 1056 vitia,
598 1038 641 1057 quae
654 1038 708 1057 repre

161 1063 242 1082 hendere
254 1063 350 1086 volumus,
368 1069 391 1082 ex
406 1064 442 1082 hoc
454 1063 547 1088 proficisci
558 1063 661 1087 intelleges,
678 1069 708 1088 qui

161 1094 248 1113 Goethius
264 1094 320 1113 modo
334 1095 405 1119 scripta
418 1096 496 1119 pangat.
512 1095 560 1113 Ante
573 1095 637 1114 omnia
647 1095 708 1119 lyricu:

161 1127 224 1150 poeta,
230 1131 254 1145 ea
258 1126 349 1150 primum,
356 1126 425 1150 quibus
431 1126 491 1150 ipsius
497 1126 573 1145 animus
579 1128 708 1145 commovetur
