3576 5622
719 840 876 898 ..49-

247 1001 266 1046 «
287 977 346 1048 Sie
366 975 564 1048 unendlich
583 974 726 1047 reicher
749 974 877 1064 Manu,
900 979 943 1044 ut
961 971 1009 1044 ad
1029 970 1222 1043 Goelhium
1242 971 1358 1066 scrip-

245 1101 306 1192 sit,
329 1101 400 1173 wie
421 1101 558 1174 wissen
571 1099 629 1172 Sie
641 1120 685 1170 zu
704 1097 912 1190 hegllieken
930 1100 984 1169 l...
1002 1095 1074 1168 Min
1092 1096 1154 1187 ist,
1177 1095 1235 1169 als
1248 1117 1358 1169 wenn

245 1225 304 1298 Sie
337 1226 467 1299 keines
493 1226 596 1298 lhrer
623 1223 776 1296 lriihern
805 1221 944 1294 Werke
968 1221 1036 1293 mit
1056 1220 1142 1293 dem
1164 1221 1355 1314 Behagen,

246 1351 320 1422 mit
335 1347 410 1422 der
425 1348 547 1425 Glutlz
568 1347 649 1422 und
667 1345 873 1445 Inniplieit
890 1345 1148 1441 gesehrieben,
1168 1345 1244 1418 und
1262 1345 1359 1418 doeh

246 1475 336 1549 sehe
355 1475 413 1548 ich
429 1475 558 1548 keines
574 1475 676 1548 lhrer
694 1473 847 1546 lriihern
866 1471 1005 1544 Werke
1025 1471 1199 1565 geringer
1218 1492 1279 1564 an,
1302 1469 1360 1544 als

248 1621 314 1672 vor
333 1601 485 1692 Lesung
502 1601 605 1673 lhrer
631 1595 1155 1693 Wallverwandtsclasten
1177 1595 1237 1669 ».¹

295 1727 344 1799 At
358 1724 545 1820 imprimis
554 1745 600 1796 ex
612 1723 823 1798 minoribus
836 1731 927 1796 natu
944 1722 1110 1795 nonnulli
1122 1722 1356 1812 exstiterunt,

248 1849 309 1945 qui
331 1849 422 1923 illud
442 1870 539 1945 epus
558 1849 814 1941 defenderunt,
835 1848 936 1944 quod
954 1849 1120 1944 plerique
1134 1853 1225 1920 natu
1240 1846 1359 1920 maio-

248 1994 309 2047 res
329 1982 408 2047 lam
431 1975 672 2048 vehementer
691 1970 1047 2070 impugnaverant.³

296 2100 461 2173 SicVOss
474 2121 601 2173 1‘uu10n
612 2098 660 2172 ad
671 2087 997 2172 Schillenviduam
1006 2097 1155 2193 scripsit
1166 2096 1358 2170 Goethium

248 2224 286 2295 in
323 2225 423 2297 hunc
452 2224 590 2298 librum
620 2224 747 2298 omnia
784 2223 1018 2320 deposuisse,
1059 2244 1144 2318 quae
1182 2229 1359 2318 expertus

251 2357 352 2422 esset
372 2371 417 2422 ae
437 2349 483 2422 de
502 2348 617 2424 rebus
637 2349 816 2424 humanis
827 2349 999 2423 sentiret:
1022 2348 1123 2422 sed«
1141 2346 1356 2439 Goetltium,

251 2479 296 2546 ut
315 2470 433 2546 deum
453 2471 679 2571 quemdam,
704 2495 788 2546 esse
799 2474 973 2572 perenni
990 2471 1257 2570 fecunditate.
1281 2471 1326 2542 »⁸

298 2599 439 2672 Solem
467 2599 728 2696 philosophus
759 2600 823 2694 qui
856 2600 916 2671 vix
951 2599 1184 2672 tricesimum
1217 2618 1359 2702 annum

249 2722 389 2816 agebat
403 2703 490 2797 eum
504 2721 698 2798 Electivae
710 2724 747 2797 A
752 2725 778 2823 s
767 2721 958 2822 finitates
973 2730 1241 2821 apparuerunt,
1261 2743 1360 2797 unus

250 2869 295 2920 ex
314 2849 447 2945 paucis
467 2849 604 2924 criticis
624 2850 777 2942 exstitit,
801 2851 878 2944 qui,
903 2856 943 2922 ut
968 2850 1140 2924 Goethius
1163 2849 1244 2945 ipse
1268 2869 1360 2944 pru-

249 2973 376 3047 lessus
395 2982 465 3066 est,
490 2981 763 3072 perspexerunt
781 2975 870 3069 quid
897 2975 969 3047 sibi
1000 2974 1196 3048 scribendo
1225 2995 1362 3069 propo-

250 3099 391 3173 suisset
419 3100 590 3197 scriptor.
618 3101 746 3191 Poeta,
774 3100 838 3194 qui
862 3100 979 3173 eritiei
999 3100 1250 3174 adulescentis
1268 3098 1362 3172 iudi-

251 3223 351 3295 cium
371 3225 533 3321 septimo
552 3231 700 3299 tantum
720 3246 819 3298 anno
838 3232 925 3321 post
945 3233 1107 3299 mortem
1127 3225 1361 3299 elusimma-

251 3355 377 3422 iuram
401 3350 517 3443 novit,
539 3370 614 3423 non
634 3349 782 3424 dubitat
801 3350 922 3424 dicere
950 3351 1051 3424 haud
1075 3351 1182 3426 facile
1206 3351 1362 3423 inveniri

252 3474 456 3569 quicquam
475 3475 611 3550 melius
633 3476 728 3550 inter
747 3476 896 3569 iudicia,
918 3498 1004 3571 quae
1024 3477 1069 3551 de
1089 3477 1160 3551 hae
1179 3477 1268 3551 fieta
1287 3477 1362 3552 his-

286 3760 296 3798 *
312 3760 347 3817 26
361 3762 427 3817 dec.
444 3771 597 3825 uueocuz,
613 3761 651 3814 V.
668 3759 949 3826 Gallie-lambecii,
965 3775 1008 3827 v..
1025 3765 1069 3820 77.

284 3859 404 3915 'Recte
424 3860 505 3914 enim
525 3858 735 3916 Hununuuus
754 3859 870 3917 Gmuu
890 3862 1012 3931 scripsit
1032 3864 1112 3918 haee:
1135 3883 1148 3916 α
1165 3865 1221 3920 Die
1233 3864 1362 3936 jungere

250 3957 433 4014 Generalion
443 3957 500 4013 sah
511 3959 543 4011 in
553 3955 656 4014 Ollllie
667 3959 714 4013 ihr
725 3958 806 4014 ldeal
820 3977 832 4010 l
845 3957 969 4024 (Goelhe,
980 3956 1251 4035 Vorleeunpemed.
1264 3969 1360 4030 senia,

251 4055 393 4118 Berohui,
410 4067 677 4119 uuoocnxxxxix,
694 4069 723 4125 p.
739 4055 814 4120 450).

285 4154 296 4188 ³
313 4173 326 4208 α
342 4155 419 4210 Dem
431 4153 580 4225 jungeren
595 4153 676 4208 Voss
689 4167 755 4208 war
773 4168 808 4209 es
827 4154 873 4209 als
892 4157 931 4210 ob
950 4154 1060 4212 Goethe
1079 4158 1145 4213 hier
1165 4158 1223 4214 den
1241 4176 1362 4233 pumen

250 4249 432 4308 Reiclillium
446 4250 548 4307 seiner
560 4248 781 4324 Erfahrunpen
794 4252 860 4308 und
873 4250 1145 4312 Lebensansichlen
1155 4256 1231 4314 habe
1242 4259 1362 4315 nieder·

250 4349 334 4422 lepen
348 4349 478 4413 mollem
493 4348 587 4404 allein
600 4365 634 4404 er
648 4348 691 4405 sei
706 4349 952 4424 unerselioepflicli
963 4351 1021 4408 wie
1036 4351 1085 4408 die
1100 4353 1231 4412 Golllieii
1245 4375 1257 4408 l>
1274 4358 1361 4423 (Gue-

247 4461 343 4510 nuuu,
374 4447 490 4504 Goellws
509 4445 607 4503 leben
626 4447 693 4503 und
711 4445 878 4520 Solamen,
906 4449 1110 4522 stuttgarliae,
1140 4466 1360 4522 uueccuxxw,

251 4559 281 4614 p.
297 4545 371 4610 450).

1434 2115 1520 2174 VOSS
1527 2087 1533 2095 ι
1541 2127 1653 2172 IUNIOR
