3576 5622
711 751 868 814 ..Π-

236 911 321 966 esse
341 912 381 964 re
399 891 483 987 ipsa
503 897 582 965 tam
602 889 873 989 necessarium,
900 909 1016 984 quam
1047 887 1221 962 Goethius
1241 893 1351 982 puta-

238 1015 344 1090 verit.
707 1079 709 1090 .

287 1140 407 1214 Nobis
426 1148 569 1232 autem,
595 1141 634 1213 in
658 1139 778 1214 altera
796 1146 903 1236 parte
927 1138 1041 1213 libelli
1064 1137 1200 1228 nostri,
1223 1137 1351 1232 exqui-

241 1266 400 1339 rendum
420 1266 501 1358 erit,
528 1286 652 1339 nonne
678 1267 883 1339 Hcttnerus
922 1265 1002 1361 ipse
1040 1262 1228 1336 Gocthiani
1266 1261 1351 1334 libri

241 1390 424 1464 rationem
450 1391 603 1464 fatalem
627 1390 704 1464 lato
724 1389 861 1464 veteris
882 1388 1076 1483 tragoediae
1101 1387 1214 1461 nimis
1235 1386 1351 1482 aequi-

242 1516 441 1612 paraverit.

292 1696 389 1767 Inter
413 1715 480 1768 eos
504 1695 580 1789 qui,
610 1695 751 1769 nostris
779 1692 1026 1790 temporibus,
1055 1691 1242 1765 Goetbiani
1266 1689 1351 1764 libri

242 1821 420 1892 virtutem
449 1819 632 1893 moralem
658 1819 969 1916 praedicaverunt,
1000 1817 1205 1914 disciplinae
1235 1817 1351 1902 histo-

241 1944 329 2022 ricae
348 1944 622 2037 adversarium,
644 1946 839 2018 Hmnncuu
859 1946 1079 2035 Dunzunuu,
1102 1963 1236 2016 rursus
1249 1942 1352 2014 inve·

241 2068 407 2142 nimus¹.
429 2071 542 2142 Putat
562 2069 662 2141 enim
681 2069 742 2141 ille
761 2069 910 2141 Goethio
931 2068 1175 2162 aequissimus
1192 2067 1353 2142 Aristar-

244 2195 339 2268 chus
358 2193 454 2286 libri,
476 2195 616 2289 dequo
641 2195 778 2287 agitur,
799 2194 966 2291 leporem
998 2200 1035 2267 et
1063 2193 1352 2266 concinnitatem

245 2318 348 2392 nulla
368 2341 407 2391 re
424 2309 496 2392 nisi
506 2319 642 2392 virtute
658 2318 790 2392 morali
806 2319 949 2413 aequari
966 2340 1093 2415 posse.
1112 2317 1235 2392 Credit
1248 2318 1354 2390 illum

1450 1717 1623 1775 Dunzunus

245 2442 383 2516 librum
402 2465 427 2517 a
445 2443 555 2517 nobis
573 2445 766 2540 postulare
785 2450 827 2517 ut
846 2443 964 2517 animi
976 2444 1233 2517 moderatione
1253 2444 1356 2539 cupi·
1468 2475 1471 2481 ·

245 2568 382 2642 dilates
402 2588 660 2660 coerceamus,
675 2570 774 2642 sicut
785 2570 957 2643 Goethius
974 2570 1054 2664 ipse
1067 2569 1183 2642 animi
1196 2568 1355 2642 allectus

245 2715 347 2790 saepe
362 2701 592 2785 coercuerat,
615 2692 762 2788 sibique
781 2715 1010 2791 persuasum
1029 2694 1144 2767 habet
1163 2695 1355 2768 Gocthium

244 2819 315 2891 hoc
347 2840 458 2914 opere
489 2819 719 2892 matrimonii
744 2819 963 2912 religionem
997 2820 1205 2911 defendere,
1239 2841 1356 2915 quam

242 2950 356 3040 poeta
382 2943 476 3040 ipse,
513 2944 766 3017 Christianam
794 2944 831 3015 in
856 2945 1141 3018 matrimonium
1170 2945 1353 3037 ducende,

244 3068 438 3162 aliquanto
458 3076 546 3142 ante
565 3068 892 3165 comprobaverat.
915 3072 1086 3144 Drinzero
1106 3070 1254 3143 videtur
1272 3071 1357 3144 Mit-

246 3193 380 3284 tlerus,
410 3193 547 3289 quippe
577 3194 641 3288 qui
669 3194 871 3267 contendat
896 3195 1180 3268 matrimonium
1209 3217 1294 3269 esse
1320 3203 1358 3268 et

246 3317 470 3413 principium
495 3325 532 3390 et
560 3326 674 3413 caput
698 3325 735 3392 et
758 3319 871 3391 finem
896 3319 983 3393 vitae
1006 3320 1242 3394 humanitate
1266 3342 1355 3416 per-

247 3441 387 3537 politae,
415 3442 608 3537 scriptoris
626 3463 784 3517 causam
808 3465 945 3537 agere;
968 3465 1058 3518 nam
1076 3445 1233 3518 'Mittleri
1255 3445 1356 3518 iudi-

247 3567 348 3638 cium
368 3569 613 3642 confirmatur
632 3569 729 3643 tristi
747 3570 882 3644 Oruliae
902 3577 1037 3663 morte,
1065 3571 1186 3668 culpae
1209 3571 1357 3646 luendae

247 3713 365 3766 causa
398 3694 577 3790 oppetita,
613 3716 687 3789 qua
719 3695 949 3768 matrimonii
986 3697 1115 3790 religio
1148 3698 1356 3772 clarissime

247 3819 435 3892 sancitur.
461 3844 479 3888 «
507 3818 771 3891 Bestimmter
792 3817 949 3893 werden
967 3822 1042 3894 ror'r
1062 3820 1124 3894 als
1146 3820 1358 3896 Grandae-

245 3941 451 4039 sclronun9
487 3940 554 4014 clr‘e
592 3939 821 4040 Her'tr'qlreit
858 3939 941 4017 und
986 3944 1358 4044 Unaufloesbnrker't

281 4224 290 4259 ⁴
307 4224 345 4280 V.
362 4223 475 4288 Goetlre,
494 4223 606 4282 Minna
622 4225 762 4282 Herclieb
777 4227 843 4282 und
857 4227 906 4283 dic
925 4225 1312 4299 Watlocrwcndtecdasten
1327 4232 1357 4286 in

248 4319 398 4395 Muqarin
411 4323 466 4393 sur
477 4322 526 4379 die
539 4323 711 4381 Litteralur
721 4326 772 4381 des
786 4311 969 4390 Acalander,
985 4339 1169 4390 mmccccxx,
1185 4327 1238 4383 Nr.
1253 4327 1357 4395 20-21;

249 4420 286 4475 cl.
316 4417 580 4495 ll'rlaeutemnyen,
611 4437 643 4490 x,
667 4423 785 4480 Gaetlrca
812 4421 1209 4495 Wadlverwarrdtsclraston‚
1236 4426 1358 4496 Lipsiae,

251 4530 498 4576 Mmcctxxvnr.
