3680 5612
955 799 1132 862 -iii-

486 956 560 1032 per
573 931 697 1007 dorin
712 929 902 1016 vertoeilt,
927 929 989 1006 olo
1004 933 1044 1005 itt
1064 929 1154 1006 dem
1176 929 1440 1030 eipentlichen
1460 928 1600 1005 leben-

487 1057 608 1155 dipen
626 1056 755 1132 Leben
782 1083 802 1146 n
825 1059 882 1154 (ll,
905 1056 959 1152 11).
982 1059 1074 1144 Quis
1090 1057 1203 1152 igitur
1218 1057 1383 1132 affirmet
1401 1057 1492 1132 nihil
1513 1077 1598 1132 esse

407 1165 408 1168 Ὺ
489 1183 565 1256 veri
589 1183 627 1256 in
659 1182 705 1258 iis
737 1204 823 1279 quae
866 1187 1144 1277 Baumgartner
1170 1181 1234 1256 tali
1273 1183 1386 1256 modo
1421 1181 1594 1279 exponit:

489 1331 509 1378 a
535 1308 603 1382 Die
629 1304 1148 1406 Wohloerwondtschoften
1163 1306 1353 1381 wimmeln
1368 1327 1443 1380 von
1460 1307 1599 1380 lrrthit·

489 1453 613 1524 mern,
641 1430 996 1526 Halhwahrheiten,
1028 1431 1262 1526 unriohtigen
1290 1430 1419 1524 Ideen,
1451 1431 1598 1506 stachen

488 1557 826 1650 Ansohauungen,
866 1557 955 1648 die,
995 1555 1182 1630 kdnstlich
1219 1556 1469 1653 autgeputzt‚
1513 1555 1596 1628 eine

489 1681 651 1776 genisse
681 1680 782 1754 Tiefe
812 1702 858 1754 zu
890 1679 1014 1754 haben
1046 1679 1239 1754 scheinen.
1275 1682 1328 1754 Es
1356 1679 1485 1754 wsrrde
1515 1679 1596 1753 eine

490 1828 608 1900 ganze
635 1805 770 1878 Schrift
798 1805 1034 1898 erheischen,
1065 1806 1138 1878 den
1170 1803 1311 1878 hunten
1344 1804 1598 1880 Mischrnasch

488 1931 612 2005 seiner
628 1931 718 2005 halb
737 1929 992 2023 heidnischen,
1014 1929 1103 2004 halb
1118 1929 1356 2005 christlichen
1372 1930 1461 2004 oder
1475 1931 1597 2027 phan-

488 2055 695 2130 tastischen
712 2056 823 2129 Ideen
851 2055 889 2128 in
921 2057 1050 2149 Bezug
1077 2054 1145 2128 aui
1174 2055 1275 2147 Gott,
1311 2055 1429 2149 Seele,
1460 2057 1593 2149 Natur,

488 2179 604 2254 ireien
636 2180 788 2270 Willen,
824 2177 1161 2272 Unsterblichkeit,
1196 2178 1387 2273 Religion,
1422 2179 1598 2256 Odonba-

488 2327 604 2398 rung,
626 2304 815 2396 Wunder,
833 2304 985 2387 Kirche,
1014 2303 1286 2396 Gottesdienst,
1310 2305 1410 2398 Ehe,
1432 2306 1599 2379 eheliche

490 2429 566 2502 und
590 2427 826 2522 birrgerliche
848 2428 994 2519 Pssioht,
1021 2427 1164 2521 Sdnde,
1189 2431 1311 2502 Busse
1335 2450 1373 2502 u,
1403 2449 1435 2503 s
1462 2453 1510 2503 W.
1538 2428 1598 2504 bis

489 2554 561 2628 in’s
589 2552 763 2627 Einzelne
791 2551 1044 2627 aufzudecken
1074 2552 1150 2626 und
1177 2574 1253 2626 von
1280 2553 1351 2626 don
1380 2553 1599 2629 wirklichen

490 2677 760 2752 Goldkoernern
789 2677 1017 2752 natttrlicher
1059 2677 1244 2752 Weisheit
1283 2678 1359 2751 und
1398 2669 1618 2772 geselliger¹

490 2802 652 2896 Bildung
682 2802 992 2896 auszuscheiden,
1015 2801 1083 2876 mit
1114 2804 1234 2877 denen
1268 2802 1336 2896 sie,
1373 2803 1444 2877 wie
1477 2805 1596 2900 Spreu

491 2926 560 3000 mit
579 2927 748 3019 Weizen,
770 2927 958 3022 gemisoht
977 2927 1059 3002 sind
1087 2951 1106 2998 t>
1129 2927 1180 3023 (p.
1204 2924 1279 3020 16).

203 3102 304 3158 noras
320 3111 413 3156 m,
540 3050 755 3146 Saepissime
774 3049 827 3125 ita
845 3051 955 3126 bonis
973 3051 1088 3143 mala,
1110 3050 1209 3125 veris
1227 3051 1324 3126 falsa
1345 3050 1383 3123 in
1409 3052 1481 3126 hoo
1504 3047 1599 3127 libro

199 3211 295 3257 vans
314 3209 419 3256 aanor
493 3176 697 3250 commixta
724 3181 825 3268 sunt,
847 3183 890 3248 ut
918 3177 980 3249 vix
1002 3183 1147 3250 rectum
1171 3176 1230 3249 vel
1259 3175 1427 3250 maximo
1459 3177 1602 3271 ingenii

177 3307 440 3357 00t¹tt1ffl1³⁵⁵⁸
492 3300 666 3373 acumine
704 3299 924 3394 dignoscere
959 3321 1091 3396 queas.
1131 3301 1217 3373 Non
1248 3300 1395 3374 videtur
1419 3299 1470 3373 illi
1494 3307 1601 3376 tanto

492 3424 664 3520 scriptori
684 3425 778 3500 satis
801 3432 944 3499 certam
967 3424 1083 3500 fuisse
1114 3425 1298 3498 inanimo
1323 3424 1412 3498 mali
1435 3413 1598 3522 bonique

492 3549 784 3645 separationem,
802 3571 919 3646 quam
937 3549 1088 3623 intuens
1105 3551 1143 3622 in
1162 3570 1283 3645 eaque
1302 3549 1447 3625 defixus
1462 3549 1599 3624 librum

493 3693 607 3747 suurn
640 3673 842 3771 scripserit.
877 3677 977 3748 Inter
1005 3674 1147 3748 bonurn
1180 3681 1218 3747 et
1249 3673 1393 3747 malum
1429 3674 1599 3750 oscillare

493 3798 635 3895 saepius
653 3799 846 3874 Goethium
865 3806 989 3896 putes,
1007 3806 1045 3872 et
1066 3799 1239 3895 quotiens
1258 3798 1346 3872 boni
1377 3797 1596 3894 defensioni,

438 3921 441 3928 '
493 3922 671 3997 vitiorum
703 3931 834 3997 contra
863 3923 1099 3999 insectationi
1135 3923 1242 3998 locus
1270 3929 1387 4020 patet,
1423 3922 1601 3998 eumdem

494 4046 666 4121 dubitare
685 4047 834 4123 dicas¹.

543 4171 637 4256 Quid
671 4193 759 4246 vero
794 4173 916 4248 dicam
951 4173 997 4246 de
1028 4193 1207 4269 supremo
1239 4172 1375 4249 Ottiliae
1398 4173 1500 4249 farne
1529 4173 1601 4248 ab·

529 4459 538 4495 ⁴
555 4457 596 4516 Ut
611 4457 758 4528 magister
772 4459 875 4512 noster
889 4455 1067 4511 carissimus
1082 4454 1251 4512 Acerranos
1262 4453 1375 4512 Lanos
1392 4456 1457 4512 iure
1471 4459 1601 4513 conten-

495 4557 595 4622 dit;v.
612 4569 705 4626 supra
720 4553 806 4612 Pras
821 4555 932 4617 Paron,
945 4552 1017 4628 Cap.
1034 4554 1085 4617 tlt,
1101 4567 1123 4621 1,
1140 4567 1168 4622 p.
1185 4552 1231 4610 64.
