3576 5622
696 849 854 910 -43..

218 1002 354 1076 parum
378 989 535 1076 pareant
558 984 693 1079 δαίμονι,
720 982 784 1078 qui
810 983 917 1058 iniis
944 983 1055 1076 inest,
1082 983 1223 1059 scilicet
1247 982 1330 1057 voci

218 1113 364 1178 naturae
378 1107 582 1179 :nonenim
598 1107 711 1180 modo
721 1108 862 1203 saepius
872 1108 938 1182 lati
949 1109 1093 1184 monita
1102 1129 1178 1182 non
1188 1107 1330 1181 intelle-

219 1237 326 1324 gunt,
342 1231 409 1304 scd
428 1231 543 1306 etiam
563 1231 610 1306 iis
628 1253 704 1305 non
723 1254 919 1330 nunquam
939 1233 1141 1326 obsistunt,
1164 1233 1244 1308 sive
1263 1254 1330 1307 vo-

220 1355 378 1448 luntate,
407 1357 487 1430 sive
507 1355 629 1430 officio
649 1357 800 1431 adducti
821 1379 831 1450 ;
856 1380 983 1455 quare
1001 1356 1209 1456 pereunt¹.
1236 1360 1328 1443 Quae

219 1479 331 1554 officii
353 1487 391 1552 et
410 1481 624 1577 cupiditatis
649 1483 837 1556 contentio
858 1490 941 1556 toto
964 1482 1059 1556 libro
1083 1484 1324 1557 continetur:

219 1605 388 1680 Carlotta
407 1606 557 1701 quidem
579 1606 745 1703 primum
769 1607 880 1680 ollicii
903 1608 1103 1705 praeceptis
1127 1608 1327 1703 obtempe-

219 1735 278 1803 rat
303 1751 313 1821 ;
344 1752 431 1804 curn
457 1751 546 1804 vero
570 1731 764 1808 admonita
786 1731 835 1805 sit
859 1731 974 1807 rebus
998 1733 1180 1826 adversis,
1207 1734 1325 1806 amori

219 1875 264 1928 ac
278 1861 424 1928 naturae
440 1855 673 1951 obsequitur.
689 1855 814 1932 Ottilia
828 1863 959 1931 contra
971 1865 1145 1934 naturam
1162 1858 1328 1952 primum

169 2019 172 2022 ·
219 1979 402 2074 sequitur,
442 1980 509 2055 sed
539 1988 685 2077 postea,
719 1981 947 2074 calamitate,
985 2003 1070 2078 quae
1103 1982 1186 2057 eius
1218 1983 1330 2079 culpa

219 2105 430 2178 amicorum
442 2105 644 2202 penatibus
662 2105 778 2180 allata
792 2115 863 2200 est,
881 2108 1213 2194 vehementissime
1228 2130 1330 2182 com·

220 2236 337 2322 mota,
359 2251 401 2305 se
421 2230 564 2305 severis
592 2230 703 2305 officii
722 2232 871 2326 legibus
890 2231 1061 2326 subiecit,
1084 2256 1159 2328 quo
1178 2232 1330 2328 quidem

221 2354 333 2427 modo
364 2376 431 2429 eas
456 2355 648 2450 intellegit.
683 2360 732 2431 Ut
760 2364 889 2430 autem
914 2357 1073 2452 legentis
1099 2358 1252 2432 animus
1284 2379 1330 2431 ex

221 2479 336 2554 tantis
377 2479 723 2574 perturbationibus
763 2482 952 2555 reficiatur
993 2489 1030 2555 ct
1071 2483 1326 2578 conquiescat,

221 2603 394 2678 Goethius
411 2603 680 2680 iucundissime
705 2607 892 2702 quasdam
911 2608 1107 2680 hortorum
1127 2628 1329 2702 rerumque

219 2735 366 2803 naturae
386 2729 655 2826 descriptiones
673 2730 886 2806 admiscuit.

268 2853 491 2926 Difficillime
511 2861 653 2947 tamen,
676 2876 763 2929 mea
786 2857 938 2951 quidem
962 2857 1161 2949 sententia,
1188 2856 1331 2930 intelle·

219 2978 320 3071 gitur
344 2979 534 3074 quomodo
559 2980 641 3053 haec
664 2987 811 3053 natnrae
834 3001 924 3054 cum
949 2979 1118 3080 moribus
1141 2981 1331 3054 contentio

219 3102 344 3176 valeat
374 3103 422 3176 ad
454 3104 604 3178 animos
631 3126 777 3196 eorum,
815 3105 878 3199 qui
912 3105 1156 3179 Goetbianum
1191 3104 1330 3178 librum

219 3225 360 3321 legant,
390 3228 658 3304 emendandos.
689 3230 802 3303 Dicas
833 3229 1037 3302 Gervinunn
1072 3229 1198 3304 dolere
1231 3230 1332 3324 quod

221 3352 394 3426 homines
417 3353 546 3450 talpona
573 3354 681 3450 sequi
708 3375 783 3428 non
813 3361 980 3449 possent,
1003 3374 1125 3449 neque
1157 3375 1246 3450 vero
1272 3354 1332 3426 hic

221 3476 373 3550 criticus
391 3486 567 3552 accurate
586 3479 855 3576 pervestigavit
869 3501 956 3573 quae
974 3479 1025 3553 sit
1043 3479 1232 3552 Goethiani
1248 3478 1333 3552 libri

224 3601 280 3675 vis
309 3602 443 3676 ethica.

259 3884 338 3941 ‘Die
354 3885 532 3954 Entlaltung
546 3885 601 3940 des
615 3884 739 3940 Satzes:
763 3885 823 3940 wic
842 3884 891 3940 dic
910 3883 1078 3940 Menschen
1099 3883 1183 3938 nicht
1205 3883 1332 3950 nissen,

219 3982 289 4038 άεηι
303 3980 433 4038 Daemon
447 3981 482 4037 in
495 3981 559 4037 sich
568 3980 667 4046 selbot,
680 3981 735 4037 der
746 3981 1002 4056 uroprunqliclrcn
1014 3979 1147 4038 Stimme
1160 3980 1215 4036 dcr
1226 3978 1331 4036 Natur

218 4085 260 4136 ..ut
270 4079 380 4154 soloen,
397 4081 458 4137 und
474 4080 521 4136 ihr
536 4081 592 4136 mit
610 4081 813 4150 Warnungen
833 4081 893 4136 und
915 4081 1131 4150 Hcmmungcn
1150 4080 1217 4135 sich
1232 4077 1330 4134 otien-

218 4179 367 4236 barendes
382 4179 539 4235 Schicksal
554 4194 592 4234 zu
606 4179 777 4245 versichen,
793 4177 851 4234 wie
862 4177 906 4234 sie
919 4177 985 4233 itm
1000 4176 1150 4232 uielmclcr
1163 4176 1207 4246 ost
1221 4177 1325 4250 entyc-

218 4279 376 4352 9entretcn
395 4279 456 4334 und
477 4279 533 4333 mit
551 4277 640 4333 freter
658 4277 882 4333 menscblicber
900 4277 1044 4343 Willlulr,
1060 4275 1143 4331 wohl
1167 4275 1248 4331 auch
1276 4289 1336 4330 aus

219 4375 432 4446 Ptlichtgelubl
456 4375 737 4443 zuwiderarbeiten,
760 4376 821 4431 und
844 4376 904 4430 wie
927 4377 973 4431 sie
996 4376 1063 4432 dies
1087 4375 1135 4429 ins
1155 4373 1336 4430 Verderben

196 4475 310 4541 azioni,
330 4475 380 4531 die
402 4474 650 4546 Verkoerperung
673 4475 774 4530 dieses
796 4473 990 4540 Gedankens
1017 4487 1114 4544 sagon
1138 4472 1207 4534 wir,
1234 4471 1274 4526 ist
1299 4483 1336 4524 so

221 4574 313 4631 leiclrt
328 4573 582 4645 durcbgeltthrt...
599 4579 641 4643 (p.
657 4571 733 4639 790).
