<?xml version="1.0" encoding="UTF-8"?>
<!DOCTYPE html PUBLIC "-//W3C//DTD XHTML 1.0 Transitional//EN"
    "http://www.w3.org/TR/xhtml1/DTD/xhtml1-transitional.dtd">
<html xmlns="http://www.w3.org/1999/xhtml" xml:lang="en" lang="en">
 <head>
  <title>
</title>
<meta http-equiv="Content-Type" content="text/html;charset=utf-8" />
  <meta name='ocr-system' content='tesseract 3.04.00' />
  <meta name='ocr-capabilities' content='ocr_page ocr_carea ocr_par ocr_line ocrx_word'/>
</head>
<body>
  <div class='ocr_page' id='page_1' title='image "./quidbonipericul00schogoog_0096.png"; bbox 0 0 3680 5612; ppageno 0'>
   <div class='ocr_carea' id='block_1_1' title="bbox 742 861 898 921">
    <p class='ocr_par' dir='ltr' id='par_1_1' title="bbox 742 861 898 921">
     <span class='ocr_line' id='line_1_1' title="bbox 742 861 898 921; baseline 0 -13"><span class='ocrx_word' id='word_1_1' title='bbox 742 861 898 921; x_wconf 81' lang='grc'>..87-</span> 
     </span>
    </p>
   </div>
   <div class='ocr_carea' id='block_1_2' title="bbox 182 972 1380 4716">
    <p class='ocr_par' dir='ltr' id='par_1_2' title="bbox 259 972 1378 2092">
     <span class='ocr_line' id='line_1_2' title="bbox 259 972 1377 1092; baseline 0.001 -24"><span class='ocrx_word' id='word_1_2' title='bbox 259 972 392 1091; x_wconf 71' lang='lat' dir='ltr'><strong>Neuue</strong></span> <span class='ocrx_word' id='word_1_3' title='bbox 411 996 600 1069; x_wconf 88' lang='lat' dir='ltr'><strong>immerito</strong></span> <span class='ocrx_word' id='word_1_4' title='bbox 629 995 786 1092; x_wconf 25' lang='lat' dir='ltr'><strong>,scripsit</strong></span> <span class='ocrx_word' id='word_1_5' title='bbox 820 994 1067 1075; x_wconf 88' lang='lat' dir='ltr'><strong>celeberrima</strong></span> <span class='ocrx_word' id='word_1_6' title='bbox 1091 995 1236 1076; x_wconf 81' lang='lat' dir='ltr'><strong>¹mulier</strong></span> <span class='ocrx_word' id='word_1_7' title='bbox 1268 999 1377 1076; x_wconf 88' lang='lat' dir='ltr'><strong>Anna</strong></span> 
     </span>
     <span class='ocr_line' id='line_1_3' title="bbox 262 1119 1378 1216; baseline 0.002 -23"><span class='ocrx_word' id='word_1_8' title='bbox 262 1120 452 1202; x_wconf 88' lang='lat' dir='ltr'><strong>Ludovica</strong></span> <span class='ocrx_word' id='word_1_9' title='bbox 471 1120 638 1195; x_wconf 76' lang='lat' dir='ltr'><strong>destael</strong></span> <span class='ocrx_word' id='word_1_10' title='bbox 655 1121 695 1192; x_wconf 91' lang='lat' dir='ltr'><strong>in</strong></span> <span class='ocrx_word' id='word_1_11' title='bbox 715 1121 803 1194; x_wconf 86' lang='lat' dir='ltr'><strong>licta</strong></span> <span class='ocrx_word' id='word_1_12' title='bbox 821 1120 981 1195; x_wconf 88' lang='lat' dir='ltr'><strong>historia</strong></span> <span class='ocrx_word' id='word_1_13' title='bbox 1001 1142 1087 1216; x_wconf 81' lang='lat' dir='ltr'><strong>quac¹</strong></span> <span class='ocrx_word' id='word_1_14' title='bbox 1108 1119 1287 1194; x_wconf 81' lang='lat' dir='ltr'><em>Corinna</em></span> <span class='ocrx_word' id='word_1_15' title='bbox 1301 1120 1378 1195; x_wconf 89' lang='lat' dir='ltr'><strong>ins·</strong></span> 
     </span>
     <span class='ocr_line' id='line_1_4' title="bbox 261 1245 1378 1343; baseline 0.003 -26"><span class='ocrx_word' id='word_1_16' title='bbox 261 1245 443 1319; x_wconf 91' lang='lat' dir='ltr'><strong>cribitur:</strong></span> <span class='ocrx_word' id='word_1_17' title='bbox 469 1272 488 1316; x_wconf 93' lang='lat'>«</span> <span class='ocrx_word' id='word_1_18' title='bbox 516 1249 566 1320; x_wconf 87' lang='lat' dir='ltr'><strong>Ge</strong></span> <span class='ocrx_word' id='word_1_19' title='bbox 586 1249 683 1320; x_wconf 90' lang='lat' dir='ltr'><strong>n&#39;est</strong></span> <span class='ocrx_word' id='word_1_20' title='bbox 701 1267 773 1343; x_wconf 89' lang='lat' dir='ltr'><strong>pas</strong></span> <span class='ocrx_word' id='word_1_21' title='bbox 792 1246 826 1318; x_wconf 89' lang='lat' dir='ltr'><strong>le</strong></span> <span class='ocrx_word' id='word_1_22' title='bbox 862 1245 1024 1342; x_wconf 82' lang='lat' dir='ltr'>premier</span> <span class='ocrx_word' id='word_1_23' title='bbox 1062 1268 1201 1321; x_wconf 87' lang='lat' dir='ltr'><strong>amour</strong></span> <span class='ocrx_word' id='word_1_24' title='bbox 1235 1247 1378 1341; x_wconf 81' lang='lat' dir='ltr'><strong>quiesi</strong></span> 
     </span>
     <span class='ocr_line' id='line_1_5' title="bbox 262 1369 1375 1463; baseline 0.003 -22"><span class='ocrx_word' id='word_1_25' title='bbox 262 1369 497 1463; x_wconf 78' lang='lat' dir='ltr'><strong>ineliacable,</strong></span> <span class='ocrx_word' id='word_1_26' title='bbox 520 1393 585 1445; x_wconf 86' lang='lat' dir='ltr'><strong>ear</strong></span> <span class='ocrx_word' id='word_1_27' title='bbox 603 1371 628 1443; x_wconf 92' lang='lat' dir='ltr'><strong>il</strong></span> <span class='ocrx_word' id='word_1_28' title='bbox 646 1371 745 1443; x_wconf 81' lang='lat' dir='ltr'><strong>vient</strong></span> <span class='ocrx_word' id='word_1_29' title='bbox 760 1371 973 1445; x_wconf 75' lang='lat' dir='ltr'><strong>seulement</strong></span> <span class='ocrx_word' id='word_1_30' title='bbox 987 1372 1037 1445; x_wconf 94' lang='lat' dir='ltr'><strong>du</strong></span> <span class='ocrx_word' id='word_1_31' title='bbox 1052 1372 1184 1446; x_wconf 90' lang='lat' dir='ltr'><strong>besoin</strong></span> <span class='ocrx_word' id='word_1_32' title='bbox 1200 1371 1375 1463; x_wconf 84' lang='lat' dir='ltr'><strong>d&#39;aimcr3</strong></span> 
     </span>
     <span class='ocr_line' id='line_1_6' title="bbox 265 1495 1378 1594; baseline 0.001 -26"><span class='ocrx_word' id='word_1_33' title='bbox 265 1497 357 1569; x_wconf 90' lang='lat' dir='ltr'><strong>c’est</strong></span> <span class='ocrx_word' id='word_1_34' title='bbox 376 1495 472 1568; x_wconf 90' lang='lat' dir='ltr'><strong>celui</strong></span> <span class='ocrx_word' id='word_1_35' title='bbox 492 1497 556 1591; x_wconf 89' lang='lat' dir='ltr'><strong>qui</strong></span> <span class='ocrx_word' id='word_1_36' title='bbox 577 1503 655 1570; x_wconf 80' lang='lat' dir='ltr'><strong>nait</strong></span> <span class='ocrx_word' id='word_1_37' title='bbox 675 1495 803 1592; x_wconf 88' lang='lat' dir='ltr'><strong>quand</strong></span> <span class='ocrx_word' id='word_1_38' title='bbox 828 1519 877 1569; x_wconf 90' lang='lat' dir='ltr'><strong>on</strong></span> <span class='ocrx_word' id='word_1_39' title='bbox 915 1519 938 1571; x_wconf 87' lang='lat' dir='ltr'><strong>a</strong></span> <span class='ocrx_word' id='word_1_40' title='bbox 975 1496 1220 1594; x_wconf 79' lang='lat' dir='ltr'><strong>l’erperience</strong></span> <span class='ocrx_word' id='word_1_41' title='bbox 1257 1496 1303 1569; x_wconf 90' lang='lat' dir='ltr'><strong>de</strong></span> <span class='ocrx_word' id='word_1_42' title='bbox 1341 1497 1378 1570; x_wconf 87' lang='lat' dir='ltr'><strong>la</strong></span> 
     </span>
     <span class='ocr_line' id='line_1_7' title="bbox 264 1620 1378 1718; baseline 0.003 -27"><span class='ocrx_word' id='word_1_43' title='bbox 264 1620 336 1693; x_wconf 87' lang='lat' dir='ltr'><strong>vie.</strong></span> <span class='ocrx_word' id='word_1_44' title='bbox 367 1644 386 1690; x_wconf 82' lang='lat' dir='ltr'><strong>n</strong></span> <span class='ocrx_word' id='word_1_45' title='bbox 409 1620 493 1712; x_wconf 87' lang='lat' dir='ltr'><strong>Sed,</strong></span> <span class='ocrx_word' id='word_1_46' title='bbox 515 1620 547 1694; x_wconf 90' lang='lat' dir='ltr'><strong>si</strong></span> <span class='ocrx_word' id='word_1_47' title='bbox 567 1620 742 1696; x_wconf 82' lang='lat' dir='ltr'><strong>Goetbius</strong></span> <span class='ocrx_word' id='word_1_48' title='bbox 760 1621 833 1694; x_wconf 86' lang='lat' dir='ltr'><strong>bac</strong></span> <span class='ocrx_word' id='word_1_49' title='bbox 852 1643 891 1694; x_wconf 86' lang='lat' dir='ltr'><strong>re</strong></span> <span class='ocrx_word' id='word_1_50' title='bbox 911 1623 1094 1718; x_wconf 88' lang='lat' dir='ltr'><strong>peccavit,</strong></span> <span class='ocrx_word' id='word_1_51' title='bbox 1116 1621 1223 1694; x_wconf 87' lang='lat' dir='ltr'><strong>illum</strong></span> <span class='ocrx_word' id='word_1_52' title='bbox 1242 1621 1378 1704; x_wconf 86' lang='lat' dir='ltr'><strong>huma-</strong></span> 
     </span>
     <span class='ocr_line' id='line_1_8' title="bbox 264 1745 1376 1843; baseline 0.002 -27"><span class='ocrx_word' id='word_1_53' title='bbox 264 1766 324 1818; x_wconf 85' lang='lat' dir='ltr'><strong>nae</strong></span> <span class='ocrx_word' id='word_1_54' title='bbox 356 1752 503 1820; x_wconf 71' lang='lat' dir='ltr'><strong>naturae</strong></span> <span class='ocrx_word' id='word_1_55' title='bbox 535 1745 720 1840; x_wconf 75' lang='lat' dir='ltr'><strong>ignoratae</strong></span> <span class='ocrx_word' id='word_1_56' title='bbox 752 1746 907 1820; x_wconf 88' lang='lat' dir='ltr'><strong>crimine</strong></span> <span class='ocrx_word' id='word_1_57' title='bbox 942 1767 1181 1843; x_wconf 86' lang='lat' dir='ltr'><strong>premamus,</strong></span> <span class='ocrx_word' id='word_1_58' title='bbox 1216 1745 1376 1819; x_wconf 72' lang='lat' dir='ltr'><strong>&#39;minime</strong></span> 
     </span>
     <span class='ocr_line' id='line_1_9' title="bbox 265 1869 1377 1966; baseline 0 -22"><span class='ocrx_word' id='word_1_59' title='bbox 265 1877 395 1944; x_wconf 87' lang='lat' dir='ltr'><strong>autem</strong></span> <span class='ocrx_word' id='word_1_60' title='bbox 421 1869 558 1943; x_wconf 92' lang='lat' dir='ltr'><strong>librum</strong></span> <span class='ocrx_word' id='word_1_61' title='bbox 596 1871 679 1945; x_wconf 89' lang='lat' dir='ltr'><strong>eius</strong></span> <span class='ocrx_word' id='word_1_62' title='bbox 717 1877 759 1945; x_wconf 92' lang='lat' dir='ltr'><strong>ut</strong></span> <span class='ocrx_word' id='word_1_63' title='bbox 796 1871 1051 1966; x_wconf 87' lang='lat' dir='ltr'><strong>periculosum</strong></span> <span class='ocrx_word' id='word_1_64' title='bbox 1089 1877 1126 1944; x_wconf 90' lang='lat' dir='ltr'><strong>et</strong></span> <span class='ocrx_word' id='word_1_65' title='bbox 1164 1870 1377 1964; x_wconf 87' lang='lat' dir='ltr'><strong>legentibus</strong></span> 
     </span>
     <span class='ocr_line' id='line_1_10' title="bbox 261 1995 966 2092; baseline 0.006 -26"><span class='ocrx_word' id='word_1_66' title='bbox 261 1995 479 2069; x_wconf 86' lang='lat' dir='ltr'><strong>nociturum</strong></span> <span class='ocrx_word' id='word_1_67' title='bbox 500 1995 772 2092; x_wconf 85' lang='lat' dir='ltr'><strong>reprehendere</strong></span> <span class='ocrx_word' id='word_1_68' title='bbox 794 1996 966 2070; x_wconf 88' lang='lat' dir='ltr'><strong>velimus.</strong></span> 
     </span>
    </p>

    <p class='ocr_par' dir='ltr' id='par_1_3' title="bbox 263 2119 1378 3570">
     <span class='ocr_line' id='line_1_11' title="bbox 312 2119 1376 2214; baseline 0.001 -21"><span class='ocrx_word' id='word_1_69' title='bbox 312 2119 348 2193; x_wconf 87' lang='lat' dir='ltr'><strong>Si</strong></span> <span class='ocrx_word' id='word_1_70' title='bbox 381 2141 480 2193; x_wconf 90' lang='lat' dir='ltr'><strong>nunc</strong></span> <span class='ocrx_word' id='word_1_71' title='bbox 508 2119 674 2194; x_wconf 90' lang='lat' dir='ltr'><strong>Ottiliam</strong></span> <span class='ocrx_word' id='word_1_72' title='bbox 706 2120 920 2214; x_wconf 81' lang='lat' dir='ltr'><strong>EduarduS,</strong></span> <span class='ocrx_word' id='word_1_73' title='bbox 953 2120 1129 2194; x_wconf 86' lang='lat' dir='ltr'><strong>Centurio</strong></span> <span class='ocrx_word' id='word_1_74' title='bbox 1169 2120 1376 2194; x_wconf 87' lang='lat' dir='ltr'><strong>Carlottam</strong></span> 
     </span>
     <span class='ocr_line' id='line_1_12' title="bbox 264 2242 1376 2340; baseline 0.004 -25"><span class='ocrx_word' id='word_1_75' title='bbox 264 2242 381 2336; x_wconf 81' lang='lat' dir='ltr'><strong>eligit,</strong></span> <span class='ocrx_word' id='word_1_76' title='bbox 403 2265 520 2340; x_wconf 92' lang='lat' dir='ltr'><strong>quam</strong></span> <span class='ocrx_word' id='word_1_77' title='bbox 540 2253 656 2338; x_wconf 88' lang='lat' dir='ltr'><strong>amet,</strong></span> <span class='ocrx_word' id='word_1_78' title='bbox 690 2268 757 2319; x_wconf 91' lang='lat' dir='ltr'><strong>cur</strong></span> <span class='ocrx_word' id='word_1_79' title='bbox 777 2246 971 2320; x_wconf 84' lang='lat' dir='ltr'><strong>Guethium</strong></span> <span class='ocrx_word' id='word_1_80' title='bbox 991 2247 1072 2320; x_wconf 88' lang='lat' dir='ltr'><strong>sine</strong></span> <span class='ocrx_word' id='word_1_81' title='bbox 1092 2245 1205 2318; x_wconf 91' lang='lat' dir='ltr'><strong>modo</strong></span> <span class='ocrx_word' id='word_1_82' title='bbox 1219 2245 1376 2319; x_wconf 88' lang='lat' dir='ltr'><strong>incusa-</strong></span> 
     </span>
     <span class='ocr_line' id='line_1_13' title="bbox 264 2344 1377 2467; baseline 0.001 -26"><span class='ocrx_word' id='word_1_83' title='bbox 264 2375 333 2461; x_wconf 86' lang='lat' dir='ltr'><strong>ret,</strong></span> <span class='ocrx_word' id='word_1_84' title='bbox 356 2390 423 2443; x_wconf 90' lang='lat' dir='ltr'><strong>cur</strong></span> <span class='ocrx_word' id='word_1_85' title='bbox 442 2369 581 2443; x_wconf 89' lang='lat' dir='ltr'><strong>librum</strong></span> <span class='ocrx_word' id='word_1_86' title='bbox 600 2377 724 2444; x_wconf 88' lang='lat' dir='ltr'><strong>totum</strong></span> <span class='ocrx_word' id='word_1_87' title='bbox 743 2344 958 2465; x_wconf 84' lang='lat' dir='ltr'><strong>legentibus</strong></span> <span class='ocrx_word' id='word_1_88' title='bbox 976 2393 1143 2444; x_wconf 89' lang='lat' dir='ltr'><strong>nocuum</strong></span> <span class='ocrx_word' id='word_1_89' title='bbox 1168 2375 1206 2443; x_wconf 89' lang='lat' dir='ltr'><strong>et</strong></span> <span class='ocrx_word' id='word_1_90' title='bbox 1225 2370 1377 2467; x_wconf 90' lang='lat' dir='ltr'><strong>pericu-</strong></span> 
     </span>
     <span class='ocr_line' id='line_1_14' title="bbox 264 2492 1378 2590; baseline 0.001 -25"><span class='ocrx_word' id='word_1_91' title='bbox 264 2492 391 2568; x_wconf 90' lang='lat' dir='ltr'><strong>losum</strong></span> <span class='ocrx_word' id='word_1_92' title='bbox 411 2493 623 2568; x_wconf 84' lang='lat' dir='ltr'><strong>clamitaret</strong></span> <span class='ocrx_word' id='word_1_93' title='bbox 637 2495 756 2570; x_wconf 86' lang='lat' dir='ltr'><strong>¹nimis</strong></span> <span class='ocrx_word' id='word_1_94' title='bbox 770 2496 915 2590; x_wconf 87' lang='lat' dir='ltr'><strong>rigidus</strong></span> <span class='ocrx_word' id='word_1_95' title='bbox 934 2494 1271 2589; x_wconf 84' lang='lat' dir='ltr'><strong>iudex‘iQuidquid</strong></span> <span class='ocrx_word' id='word_1_96' title='bbox 1288 2494 1378 2568; x_wconf 89' lang='lat' dir='ltr'><strong>mali</strong></span> 
     </span>
     <span class='ocr_line' id='line_1_15' title="bbox 264 2618 1377 2716; baseline 0 -25"><span class='ocrx_word' id='word_1_97' title='bbox 264 2618 412 2710; x_wconf 90' lang='lat' dir='ltr'><strong>accidit,</strong></span> <span class='ocrx_word' id='word_1_98' title='bbox 442 2618 609 2693; x_wconf 85' lang='lat' dir='ltr'><strong>Eduardi</strong></span> <span class='ocrx_word' id='word_1_99' title='bbox 633 2625 670 2691; x_wconf 91' lang='lat' dir='ltr'><strong>et</strong></span> <span class='ocrx_word' id='word_1_100' title='bbox 694 2619 870 2692; x_wconf 88' lang='lat' dir='ltr'><strong>Carluttae</strong></span> <span class='ocrx_word' id='word_1_101' title='bbox 890 2621 1002 2716; x_wconf 89' lang='lat' dir='ltr'><strong>culpa</strong></span> <span class='ocrx_word' id='word_1_102' title='bbox 1026 2619 1184 2712; x_wconf 85' lang='lat' dir='ltr'><strong>accidit3</strong></span> <span class='ocrx_word' id='word_1_103' title='bbox 1205 2619 1377 2694; x_wconf 89' lang='lat' dir='ltr'><strong>desinant</strong></span> 
     </span>
     <span class='ocr_line' id='line_1_16' title="bbox 264 2721 1374 2841; baseline 0.001 -26"><span class='ocrx_word' id='word_1_104' title='bbox 264 2721 417 2816; x_wconf 87' lang='lat' dir='ltr'><strong>tandem</strong></span> <span class='ocrx_word' id='word_1_105' title='bbox 437 2745 629 2818; x_wconf 85' lang='lat' dir='ltr'><strong>fortunam</strong></span> <span class='ocrx_word' id='word_1_106' title='bbox 648 2763 853 2837; x_wconf 89' lang='lat' dir='ltr'><strong>accusare;</strong></span> <span class='ocrx_word' id='word_1_107' title='bbox 875 2765 916 2819; x_wconf 92' lang='lat' dir='ltr'><strong>se</strong></span> <span class='ocrx_word' id='word_1_108' title='bbox 936 2745 1008 2841; x_wconf 91' lang='lat' dir='ltr'><strong>ipsi</strong></span> <span class='ocrx_word' id='word_1_109' title='bbox 1029 2744 1296 2841; x_wconf 84' lang='lat' dir='ltr'><strong>perdide-runt3</strong></span> <span class='ocrx_word' id='word_1_110' title='bbox 1320 2750 1374 2837; x_wconf 92' lang='lat' dir='ltr'><strong>tu,</strong></span> 
     </span>
     <span class='ocr_line' id='line_1_17' title="bbox 264 2867 1377 2966; baseline 0.002 -25"><span class='ocrx_word' id='word_1_111' title='bbox 264 2867 451 2960; x_wconf 87' lang='lat' dir='ltr'><strong>Eduarde,</strong></span> <span class='ocrx_word' id='word_1_112' title='bbox 473 2871 634 2942; x_wconf 89' lang='lat' dir='ltr'><strong>nimium</strong></span> <span class='ocrx_word' id='word_1_113' title='bbox 653 2869 828 2966; x_wconf 83' lang='lat' dir='ltr'><strong>pervicax</strong></span> <span class='ocrx_word' id='word_1_114' title='bbox 857 2869 960 2944; x_wconf 88' lang='lat' dir='ltr'><strong>luisti</strong></span> <span class='ocrx_word' id='word_1_115' title='bbox 980 2877 1017 2942; x_wconf 88' lang='lat' dir='ltr'><strong>ct</strong></span> <span class='ocrx_word' id='word_1_116' title='bbox 1038 2891 1132 2942; x_wconf 84' lang='lat' dir='ltr'><strong>uxor</strong></span> <span class='ocrx_word' id='word_1_117' title='bbox 1156 2877 1223 2944; x_wconf 91' lang='lat' dir='ltr'><strong>tua</strong></span> <span class='ocrx_word' id='word_1_118' title='bbox 1250 2869 1377 2943; x_wconf 88' lang='lat' dir='ltr'><strong>nimiae</strong></span> 
     </span>
     <span class='ocr_line' id='line_1_18' title="bbox 263 2993 1377 3092; baseline 0.002 -26"><span class='ocrx_word' id='word_1_119' title='bbox 263 2993 518 3089; x_wconf 86' lang='lat' dir='ltr'><strong>pervicacitati</strong></span> <span class='ocrx_word' id='word_1_120' title='bbox 549 3001 625 3068; x_wconf 83' lang='lat' dir='ltr'><strong>tuae</strong></span> <span class='ocrx_word' id='word_1_121' title='bbox 654 2995 786 3069; x_wconf 83' lang='lat' dir='ltr'><strong>cedere</strong></span> <span class='ocrx_word' id='word_1_122' title='bbox 817 3015 892 3066; x_wconf 90' lang='lat' dir='ltr'><strong>non</strong></span> <span class='ocrx_word' id='word_1_123' title='bbox 920 2993 1060 3068; x_wconf 88' lang='lat' dir='ltr'><strong>debuit.</strong></span> <span class='ocrx_word' id='word_1_124' title='bbox 1108 2994 1179 3078; x_wconf 90' lang='lat' dir='ltr'><strong>Ubi</strong></span> <span class='ocrx_word' id='word_1_125' title='bbox 1211 2995 1377 3092; x_wconf 91' lang='lat' dir='ltr'><strong>primum</strong></span> 
     </span>
     <span class='ocr_line' id='line_1_19' title="bbox 263 3118 1375 3217; baseline 0.004 -27"><span class='ocrx_word' id='word_1_126' title='bbox 263 3118 534 3214; x_wconf 83' lang='lat' dir='ltr'><strong>cupiditatibus</strong></span> <span class='ocrx_word' id='word_1_127' title='bbox 563 3119 779 3216; x_wconf 87' lang='lat' dir='ltr'><strong>libidinique</strong></span> <span class='ocrx_word' id='word_1_128' title='bbox 812 3120 920 3193; x_wconf 87' lang='lat' dir='ltr'><strong>laxas</strong></span> <span class='ocrx_word' id='word_1_129' title='bbox 946 3119 1164 3217; x_wconf 87' lang='lat' dir='ltr'><strong>permiseris</strong></span> <span class='ocrx_word' id='word_1_130' title='bbox 1192 3120 1375 3211; x_wconf 73' lang='lat' dir='ltr'><strong>habenas</strong></span> 
     </span>
     <span class='ocr_line' id='line_1_20' title="bbox 263 3244 1375 3342; baseline 0 -27"><span class='ocrx_word' id='word_1_131' title='bbox 263 3249 352 3316; x_wconf 90' lang='lat' dir='ltr'><strong>tunc</strong></span> <span class='ocrx_word' id='word_1_132' title='bbox 388 3245 540 3318; x_wconf 87' lang='lat' dir='ltr'><strong>animus</strong></span> <span class='ocrx_word' id='word_1_133' title='bbox 570 3244 797 3342; x_wconf 88' lang='lat' dir='ltr'><strong>depravatur</strong></span> <span class='ocrx_word' id='word_1_134' title='bbox 828 3266 1031 3341; x_wconf 86' lang='lat' dir='ltr'><strong>moresque</strong></span> <span class='ocrx_word' id='word_1_135' title='bbox 1069 3251 1375 3341; x_wconf 87' lang='lat' dir='ltr'><strong>corrumpuntur,</strong></span> 
     </span>
     <span class='ocr_line' id='line_1_21' title="bbox 264 3369 1378 3467; baseline 0.001 -26"><span class='ocrx_word' id='word_1_136' title='bbox 264 3377 353 3442; x_wconf 91' lang='lat' dir='ltr'><strong>tunc</strong></span> <span class='ocrx_word' id='word_1_137' title='bbox 377 3391 487 3443; x_wconf 88' lang='lat' dir='ltr'><strong>amor</strong></span> <span class='ocrx_word' id='word_1_138' title='bbox 516 3370 736 3466; x_wconf 90' lang='lat' dir='ltr'><strong>malumque</strong></span> <span class='ocrx_word' id='word_1_139' title='bbox 766 3371 918 3467; x_wconf 83' lang='lat' dir='ltr'><strong>irrepit3</strong></span> <span class='ocrx_word' id='word_1_140' title='bbox 944 3391 1078 3446; x_wconf 87' lang='lat' dir='ltr'><strong>servus</strong></span> <span class='ocrx_word' id='word_1_141' title='bbox 1116 3391 1158 3444; x_wconf 92' lang='lat' dir='ltr'><strong>es</strong></span> <span class='ocrx_word' id='word_1_142' title='bbox 1195 3390 1264 3442; x_wconf 91' lang='lat' dir='ltr'><strong>nec</strong></span> <span class='ocrx_word' id='word_1_143' title='bbox 1301 3369 1378 3454; x_wconf 91' lang='lat' dir='ltr'><strong>iam</strong></span> 
     </span>
     <span class='ocr_line' id='line_1_22' title="bbox 264 3493 1376 3570; baseline 0.004 -4"><span class='ocrx_word' id='word_1_144' title='bbox 264 3493 454 3570; x_wconf 87' lang='lat' dir='ltr'><strong>dominus.</strong></span> <span class='ocrx_word' id='word_1_145' title='bbox 1374 3513 1376 3518; x_wconf 89' lang='grc'><strong><em>·</em></strong></span> 
     </span>
    </p>

    <p class='ocr_par' dir='ltr' id='par_1_4' title="bbox 264 3619 1380 4343">
     <span class='ocr_line' id='line_1_23' title="bbox 309 3619 1380 3716; baseline 0 -23"><span class='ocrx_word' id='word_1_146' title='bbox 309 3619 420 3704; x_wconf 83' lang='lat' dir='ltr'><strong>&#39;Quod</strong></span> <span class='ocrx_word' id='word_1_147' title='bbox 445 3621 483 3694; x_wconf 54' lang='lat' dir='ltr'><strong>*si</strong></span> <span class='ocrx_word' id='word_1_148' title='bbox 507 3627 637 3695; x_wconf 87' lang='lat' dir='ltr'><strong>autem</strong></span> <span class='ocrx_word' id='word_1_149' title='bbox 667 3623 945 3696; x_wconf 85' lang='lat' dir='ltr'><strong>Germanorum</strong></span> <span class='ocrx_word' id='word_1_150' title='bbox 969 3620 1239 3694; x_wconf 87' lang='lat' dir='ltr'><strong>celeberrimus</strong></span> <span class='ocrx_word' id='word_1_151' title='bbox 1266 3627 1380 3716; x_wconf 88' lang='lat' dir='ltr'><strong>poeta</strong></span> 
     </span>
     <span class='ocr_line' id='line_1_24' title="bbox 265 3744 1375 3841; baseline 0.001 -25"><span class='ocrx_word' id='word_1_152' title='bbox 265 3744 427 3840; x_wconf 87' lang='lat' dir='ltr'><strong>probare</strong></span> <span class='ocrx_word' id='word_1_153' title='bbox 447 3745 576 3838; x_wconf 89' lang='lat' dir='ltr'><strong>voluit,</strong></span> <span class='ocrx_word' id='word_1_154' title='bbox 599 3747 720 3820; x_wconf 85' lang='lat' dir='ltr'><strong>amori</strong></span> <span class='ocrx_word' id='word_1_155' title='bbox 756 3767 969 3840; x_wconf 88' lang='lat' dir='ltr'><strong>numquam</strong></span> <span class='ocrx_word' id='word_1_156' title='bbox 988 3745 1065 3818; x_wconf 90' lang='lat' dir='ltr'><strong>fere</strong></span> <span class='ocrx_word' id='word_1_157' title='bbox 1093 3745 1219 3822; x_wconf 87' lang='lat' dir='ltr'><strong>resisti</strong></span> <span class='ocrx_word' id='word_1_158' title='bbox 1247 3765 1375 3841; x_wconf 89' lang='lat' dir='ltr'><strong>posse,</strong></span> 
     </span>
     <span class='ocr_line' id='line_1_25' title="bbox 265 3869 1380 3968; baseline 0.001 -26"><span class='ocrx_word' id='word_1_159' title='bbox 265 3891 353 3944; x_wconf 92' lang='lat' dir='ltr'><strong>cum</strong></span> <span class='ocrx_word' id='word_1_160' title='bbox 373 3869 496 3945; x_wconf 84' lang='lat' dir='ltr'><strong>semel</strong></span> <span class='ocrx_word' id='word_1_161' title='bbox 514 3872 767 3968; x_wconf 85' lang='lat' dir='ltr'><strong>imprudentia</strong></span> <span class='ocrx_word' id='word_1_162' title='bbox 785 3872 918 3968; x_wconf 90' lang='lat' dir='ltr'><strong>lapsus</strong></span> <span class='ocrx_word' id='word_1_163' title='bbox 937 3871 1070 3944; x_wconf 87' lang='lat' dir='ltr'><strong>feceris</strong></span> <span class='ocrx_word' id='word_1_164' title='bbox 1089 3869 1148 3943; x_wconf 91' lang='lat' dir='ltr'><strong>vel</strong></span> <span class='ocrx_word' id='word_1_165' title='bbox 1153 3870 1336 3966; x_wconf 83' lang='lat' dir='ltr'><strong>primum</strong></span> <span class='ocrx_word' id='word_1_166' title='bbox 1355 3892 1380 3943; x_wconf 86' lang='lat' dir='ltr'><strong>a</strong></span> 
     </span>
     <span class='ocr_line' id='line_1_26' title="bbox 264 3994 1380 4091; baseline 0 -25"><span class='ocrx_word' id='word_1_167' title='bbox 264 4002 367 4069; x_wconf 86' lang='lat' dir='ltr'><strong>recta</strong></span> <span class='ocrx_word' id='word_1_168' title='bbox 387 3995 447 4070; x_wconf 86' lang='lat' dir='ltr'><strong>via</strong></span> <span class='ocrx_word' id='word_1_169' title='bbox 466 3995 699 4089; x_wconf 86' lang='lat' dir='ltr'><strong>discesseris,</strong></span> <span class='ocrx_word' id='word_1_170' title='bbox 721 4018 796 4069; x_wconf 94' lang='lat' dir='ltr'><strong>non</strong></span> <span class='ocrx_word' id='word_1_171' title='bbox 816 3998 887 4069; x_wconf 87' lang='lat' dir='ltr'><strong>buc</strong></span> <span class='ocrx_word' id='word_1_172' title='bbox 907 3996 1060 4091; x_wconf 87' lang='lat' dir='ltr'><strong>quidem</strong></span> <span class='ocrx_word' id='word_1_173' title='bbox 1083 3995 1134 4068; x_wconf 91' lang='lat' dir='ltr'><strong>illi</strong></span> <span class='ocrx_word' id='word_1_174' title='bbox 1154 3994 1313 4086; x_wconf 90' lang='lat' dir='ltr'><strong>crimini,</strong></span> <span class='ocrx_word' id='word_1_175' title='bbox 1338 4002 1380 4067; x_wconf 92' lang='lat' dir='ltr'><strong>ut</strong></span> 
     </span>
     <span class='ocr_line' id='line_1_27' title="bbox 264 4119 1380 4218; baseline -0.003 -23"><span class='ocrx_word' id='word_1_176' title='bbox 264 4121 405 4216; x_wconf 85' lang='lat' dir='ltr'><strong>saepius</strong></span> <span class='ocrx_word' id='word_1_177' title='bbox 443 4120 586 4196; x_wconf 88' lang='lat' dir='ltr'><strong>factum</strong></span> <span class='ocrx_word' id='word_1_178' title='bbox 623 4128 694 4214; x_wconf 91' lang='lat' dir='ltr'><strong>est,</strong></span> <span class='ocrx_word' id='word_1_179' title='bbox 729 4121 797 4196; x_wconf 88' lang='lat' dir='ltr'><strong>sed</strong></span> <span class='ocrx_word' id='word_1_180' title='bbox 833 4122 961 4218; x_wconf 86' lang='lat' dir='ltr'><strong>potius</strong></span> <span class='ocrx_word' id='word_1_181' title='bbox 997 4119 1100 4195; x_wconf 88' lang='lat' dir='ltr'><strong>laudi</strong></span> <span class='ocrx_word' id='word_1_182' title='bbox 1137 4119 1380 4193; x_wconf 85' lang='lat' dir='ltr'><strong>tribuendum</strong></span> 
     </span>
     <span class='ocr_line' id='line_1_28' title="bbox 264 4254 370 4343; baseline -0.009 -23"><span class='ocrx_word' id='word_1_183' title='bbox 264 4254 370 4343; x_wconf 88' lang='lat' dir='ltr'><strong>puto.</strong></span> 
     </span>
    </p>

    <p class='ocr_par' dir='ltr' id='par_1_5' title="bbox 182 4369 1380 4716">
     <span class='ocr_line' id='line_1_29' title="bbox 311 4369 1380 4467; baseline -0.005 -21"><span class='ocrx_word' id='word_1_184' title='bbox 311 4373 446 4446; x_wconf 91' lang='lat' dir='ltr'><strong>Nonne</strong></span> <span class='ocrx_word' id='word_1_185' title='bbox 477 4371 577 4444; x_wconf 89' lang='lat' dir='ltr'><strong>enim</strong></span> <span class='ocrx_word' id='word_1_186' title='bbox 601 4371 744 4446; x_wconf 89' lang='lat' dir='ltr'><strong>amoris</strong></span> <span class='ocrx_word' id='word_1_187' title='bbox 763 4372 840 4443; x_wconf 87' lang='lat' dir='ltr'><strong>vim</strong></span> <span class='ocrx_word' id='word_1_188' title='bbox 869 4377 907 4444; x_wconf 90' lang='lat' dir='ltr'><strong>ct</strong></span> <span class='ocrx_word' id='word_1_189' title='bbox 935 4370 1145 4467; x_wconf 88' lang='lat' dir='ltr'><strong>periculum</strong></span> <span class='ocrx_word' id='word_1_190' title='bbox 1173 4369 1380 4464; x_wconf 85' lang='lat' dir='ltr'><strong>legentium</strong></span> 
     </span>
     <span class='ocr_line' id='line_1_30' title="bbox 182 4477 1380 4591; baseline -0.002 -21"><span class='ocrx_word' id='word_1_191' title='bbox 182 4479 188 4489; x_wconf 69' lang='grc'><em>’</em></span> <span class='ocrx_word' id='word_1_192' title='bbox 265 4497 404 4571; x_wconf 87' lang='lat' dir='ltr'><strong>animis</strong></span> <span class='ocrx_word' id='word_1_193' title='bbox 423 4517 498 4569; x_wconf 91' lang='lat' dir='ltr'><strong>non</strong></span> <span class='ocrx_word' id='word_1_194' title='bbox 518 4497 679 4572; x_wconf 86' lang='lat' dir='ltr'><strong>ubscurc</strong></span> <span class='ocrx_word' id='word_1_195' title='bbox 700 4496 902 4591; x_wconf 83' lang='lat' dir='ltr'><strong>significari</strong></span> <span class='ocrx_word' id='word_1_196' title='bbox 917 4497 1040 4570; x_wconf 89' lang='lat' dir='ltr'><strong>satius</strong></span> <span class='ocrx_word' id='word_1_197' title='bbox 1057 4504 1116 4570; x_wconf 88' lang='lat' dir='ltr'><strong>est</strong></span> <span class='ocrx_word' id='word_1_198' title='bbox 1128 4477 1245 4591; x_wconf 86' lang='lat' dir='ltr'><strong>quam</strong></span> <span class='ocrx_word' id='word_1_199' title='bbox 1265 4494 1380 4568; x_wconf 90' lang='lat' dir='ltr'><strong>stulte</strong></span> 
     </span>
     <span class='ocr_line' id='line_1_31' title="bbox 267 4620 1380 4716; baseline -0.002 -22"><span class='ocrx_word' id='word_1_200' title='bbox 267 4621 526 4696; x_wconf 77' lang='lat' dir='ltr'><strong>dissimulari?</strong></span> <span class='ocrx_word' id='word_1_201' title='bbox 545 4625 626 4696; x_wconf 88' lang='lat' dir='ltr'><strong>Hoc</strong></span> <span class='ocrx_word' id='word_1_202' title='bbox 646 4629 682 4696; x_wconf 87' lang='lat' dir='ltr'><strong>te</strong></span> <span class='ocrx_word' id='word_1_203' title='bbox 702 4621 890 4696; x_wconf 87' lang='lat' dir='ltr'><strong>munitum</strong></span> <span class='ocrx_word' id='word_1_204' title='bbox 906 4622 1066 4716; x_wconf 88' lang='lat' dir='ltr'><strong>scriptor</strong></span> <span class='ocrx_word' id='word_1_205' title='bbox 1079 4621 1208 4713; x_wconf 88' lang='lat' dir='ltr'><strong>voluit,</strong></span> <span class='ocrx_word' id='word_1_206' title='bbox 1224 4620 1380 4694; x_wconf 85' lang='lat' dir='ltr'><strong>candide</strong></span> 
     </span>
    </p>
   </div>
   <div class='ocr_carea' id='block_1_3' title="bbox 0 0 1849 5604">
    <p class='ocr_par' dir='ltr' id='par_1_6' title="bbox 0 0 1849 5604">
     <span class='ocr_line' id='line_1_32' title="bbox 0 0 1849 5604; baseline 0 0"><span class='ocrx_word' id='word_1_207' title='bbox 0 0 1849 5604; x_wconf 95' lang='lat' dir='ltr'><strong> </strong></span> 
     </span>
    </p>
   </div>
  </div>
 </body>
</html>
