3680 5612
735 863 912 924 -443-

267 1017 371 1089 aeger
389 1015 487 1070 esse.
515 998 595 1070 Hoc
619 995 780 1070 fortasse
805 995 877 1070 sibi
901 995 1097 1092 proposuit
1121 997 1293 1072 Goethius
1317 1006 1371 1090 ut,
1466 1062 1470 1070 .

265 1120 330 1194 tali
349 1121 501 1195 adiutus
521 1121 706 1216 exemp10,
722 1120 832 1194 nobis
847 1120 1061 1194 ostenderet
1076 1129 1261 1216 quantum
1274 1122 1376 1196 vale·

265 1252 321 1317 ret
339 1245 545 1319 indomitus
563 1268 609 1319 ao
628 1245 709 1320 sine
729 1245 832 1318 freno
853 1265 962 1319 amor
982 1245 1020 1317 in
1050 1246 1128 1318 viro
1147 1245 1259 1319 debili
1277 1247 1375 1321 siout

267 1369 459 1443 Eduardo.
496 1370 567 1446 Sed
592 1369 822 1467 oportuisset
854 1370 926 1443 hoe
958 1370 1128 1463 legentes
1156 1372 1262 1466 prius
1289 1391 1374 1446 esse

269 1495 434 1568 monitos
464 1516 585 1590 neque
614 1515 695 1568 rem
723 1494 761 1566 in
789 1495 860 1568 hae
888 1495 971 1568 sola
998 1494 1250 1592 disputatione
1279 1496 1375 1568 inter

269 1620 488 1693 Eduardum
512 1627 550 1693 et
578 1620 842 1694 centurionem
871 1619 1120 1716 disceptatam
1148 1621 1282 1712 fuisse,
1310 1617 1375 1694 ubi

269 1744 333 1838 qui
352 1765 462 1818 saera
480 1745 710 1818 matrimonii
728 1746 811 1819 iura
824 1745 986 1819 defendit
999 1744 1049 1818 ab
1064 1744 1279 1819 adversario
1294 1744 1374 1820 sine

269 1869 345 1941 ullo
371 1869 484 1943 dubio
514 1870 770 1966 superabitur.
797 1873 875 1945 Nec
898 1869 1020 1945 satis:
1053 1891 1144 1944 nam
1174 1871 1239 1966 qui
1265 1890 1375 1944 sacra

269 1993 498 2067 matrimonii
522 1995 605 2068 iura
635 1994 830 2090 bonosque
861 2016 988 2069 mores
1022 1995 1184 2068 defendit
1210 1995 1310 2067 idem
1338 2001 1375 2068 et

269 2117 475 2191 Carlottam
500 2126 606 2193 amat
628 2140 750 2214 neque
774 2119 823 2192 ob
851 2141 938 2193 eam
966 2140 1048 2192 rem
1078 2119 1275 2193 victoriam
1303 2118 1376 2193 sibi

268 2263 313 2315 ex
332 2243 459 2316 animo
485 2249 661 2340 exoptare
680 2251 818 2340 potest.
840 2245 963 2328 Quare
982 2244 1073 2317 nihil
1091 2246 1231 2317 mirum
1246 2243 1376 2316 matri-

268 2367 384 2440 monii
403 2389 562 2442 oausam
582 2368 654 2442 cito
679 2369 870 2466 desperari
893 2389 963 2442 nec
986 2368 1117 2442 multis
1139 2389 1232 2442 sane
1255 2389 1374 2461 argu-

268 2493 406 2567 mentis
424 2492 664 2590 comprobari
682 2517 691 2565 ε
713 2492 844 2586 immo,
867 2494 989 2566 amico
1009 2493 1114 2567 brevi
1139 2493 1236 2566 cedit
1251 2492 1376 2565 defen-

268 2637 332 2690 sor
350 2615 425 2691 iste
442 2639 564 2713 neque
583 2618 685 2692 aliud
709 2618 861 2692 estsere
885 2619 949 2692 illa
972 2640 1044 2693 sua
1068 2618 1234 2693 defensio
1259 2638 1374 2712 quam

269 2765 288 2810 <r
316 2761 448 2814 merus
476 2739 592 2815 dolos
619 2766 638 2813 n
678 2742 781 2836 (eine
812 2740 933 2839 lotape
963 2739 1215 2839 Wendunp).
1243 2742 1374 2838 Operae

268 2865 369 2938 enim
405 2867 569 2963 pretium
615 2875 673 2942 est
714 2868 1014 2942 animaduertere
1054 2872 1197 2962 quanto
1242 2866 1374 2940 ardore

266 2990 467 3066 Eduardus
492 2991 686 3086 loquatur,
714 2999 856 3087 quanta
882 2999 1012 3065 autem
1036 2991 1195 3067 mollitia
1216 2989 1376 3064 1Centu-

265 3115 319 3187 rio
339 3123 576 3210 argumenta,
597 3116 700 3190 iusta
722 3116 888 3211 quidem,
915 3122 1112 3214 proponat.
1137 3115 1235 3199 Quin
1258 3115 1375 3188 etiam

266 3239 395 3314 videas
413 3261 569 3314 necesse
588 3247 647 3315 est
666 3247 809 3336 quanta
826 3241 1016 3315 celeritate
1035 3261 1059 3313 a
1078 3246 1182 3313 reota
1201 3239 1373 3314 oratione

266 3364 314 3438 ad
342 3364 535 3460 obliquam
560 3388 605 3440 ae
628 3366 948 3463 compendiariam
972 3386 1123 3461 quoque
1147 3355 1371 3458 orationem,

266 3488 330 3562 ubi
358 3489 404 3563 de
433 3490 663 3564 defendendo
696 3490 937 3565 matrimonio
966 3491 1113 3584 agitur,
1144 3510 1206 3564 res
1228 3489 1370 3563 veniat.

265 3615 364 3688 Dum
384 3615 549 3690 Eduardi
569 3623 797 3710 argumenta
814 3615 1005 3711 verbaque
1024 3614 1172 3708 integra
1188 3635 1375 3710 reponun-

266 3743 338 3832 tur,
359 3762 449 3837 pars
467 3741 592 3817 solum
613 3742 794 3817 orationis
813 3763 889 3837 qua
908 3739 1193 3815 matrimonium
1212 3739 1374 3814 defendi-

265 3869 338 3956 tur,
360 3865 575 3959 legentibus
594 3867 753 3941 traditur
774 3888 784 3960 ;
806 3867 1057 3961 lacunamque
1075 3865 1190 3958 igitur
1205 3864 1374 3940 absentis

266 3988 386 4084 partis
414 3991 562 4087 explere
594 4012 704 4066 mens
731 3998 863 4067 nostra
892 3991 1016 4083 debet,
1047 4011 1134 4063 oum
1159 3989 1249 4064 talia
1276 3988 1373 4082 legi-

295 4270 305 4306 ⁴
324 4271 425 4340 Atque
444 4273 532 4340 quasi
552 4270 649 4344 officio
664 4273 764 4328 solum
787 4276 817 4329 et
835 4271 982 4345 redipione
998 4271 1134 4344 quadam
1153 4272 1191 4328 ad
1211 4271 1373 4339 disputan-

262 4368 335 4424 dum
350 4369 509 4425 incitatus:
532 4389 545 4423 α
562 4371 625 4425 Der
639 4370 738 4441 Major
757 4369 830 4426 hielt
844 4386 875 4426 es
892 4371 946 4440 sar
960 4368 1043 4426 aeine
1061 4368 1186 4442 Pstieht,
1204 4370 1274 4424 dem
1292 4367 1372 4423 Vor-

263 4468 328 4521 satz
348 4465 489 4524 Eduards
507 4482 542 4523 so
567 4469 658 4540 lange
672 4469 719 4524 als
738 4468 882 4539 moeglioh
897 4468 1098 4525 Widerstand
1118 4482 1155 4522 zu
1170 4467 1304 4523 leisten»
1324 4464 1372 4531 (11,

263 4568 334 4629 xu).
