3680 5612
758 847 936 907 -llld-

292 977 380 1072 quid
415 976 571 1069 bonum,
602 977 690 1071 quid
725 998 870 1070 verum,
905 976 993 1071 quid
1020 999 1108 1070 non,
1141 978 1178 1049 in
1216 977 1401 1058 narrando

293 1101 519 1197 peritissime
538 1101 807 1198 enucleateque
827 1099 1035 1195 ostendit¹‚
1052 1110 1194 1194 tamen,
1209 1102 1402 1182 latendum

295 1233 365 1320 est,
386 1227 424 1298 in
443 1226 526 1300 libri
545 1226 705 1320 singulis
723 1226 896 1322 partibus
914 1227 1042 1301 insunt
1057 1226 1232 1321 quaedam
1252 1235 1289 1300 et
1308 1227 1405 1327 peri-

295 1351 427 1425 culosa
445 1373 576 1426 revera
595 1359 632 1425 et
652 1353 766 1426 mala.

344 1477 393 1549 At
412 1477 602 1571 quomodo
621 1498 684 1551 res
703 1477 783 1551 fieri
802 1477 956 1574 potuit?
974 1477 1149 1574 Scriptor,
1171 1483 1211 1549 ut
1231 1498 1321 1556 mox
1340 1498 1406 1573 ap

297 1600 456 1698 parebit,
469 1600 560 1674 dum
576 1623 760 1699 personas
771 1623 864 1677 suas
881 1603 1014 1676 eadem
1032 1602 1197 1676 dicentes
1209 1607 1250 1676 et
1268 1601 1406 1680 iacien-

298 1733 356 1800 tes
375 1725 527 1820 inducit,
542 1749 628 1823 quae
646 1728 727 1824 ipse
747 1726 837 1800 olim
856 1728 893 1800 in
912 1726 1099 1802 similibus
1114 1725 1405 1823 tempestatibus

297 1858 364 1925 aut
382 1852 472 1924 dixit
492 1858 558 1926 aut
577 1853 676 1945 lecit,
698 1853 789 1926 dum
809 1852 952 1927 similes
976 1852 1060 1944 sibi,
1084 1859 1124 1924 ut
1148 1852 1203 1926 sic
1232 1851 1402 1944 dixerim,

297 1996 481 2070 personas
500 1997 593 2051 suas
611 1977 718 2071 fingit
736 1983 774 2050 et
793 1976 962 2071 legentes
981 1998 1121 2071 magno
1145 1997 1259 2074 opere
1285 1975 1406 2052 delec-

297 2107 377 2174 tare
398 2102 513 2198 cupit,
534 2123 672 2198 parum
691 2123 824 2175 curare
843 2103 985 2198 saepius
999 2103 1147 2175 videtur
1166 2123 1259 2175 num
1278 2101 1406 2175 omnia
1511 2105 1512 2110 ’

297 2225 334 2297 in
354 2225 401 2300 iis
420 2248 506 2320 quae
525 2227 674 2323 scripsit
702 2233 740 2300 et
760 2227 869 2302 tronis
887 2226 1058 2300 moribus
1084 2233 1339 2306 consentanea
1369 2233 1406 2300 ct

299 2350 385 2424 vitae
406 2351 512 2425 utilia
528 2352 615 2427 sint.

347 2476 497 2549 Etenim
519 2477 699 2572 principio
720 2477 795 2550 lere
818 2477 909 2550 nihil
929 2484 987 2552 est
1011 2477 1111 2572 quod
1135 2475 1405 2572 reprehendere

298 2601 492 2696 possimus
510 2600 548 2673 in
567 2603 736 2676 nascenti
754 2624 898 2694 amore,
913 2623 988 2697 quo
1001 2601 1189 2695 gradatim
1204 2601 1408 2677 incendun-

299 2731 360 2798 tur
378 2726 580 2822 praecipuae
599 2727 787 2800 Goethiani
807 2728 931 2823 operis
950 2747 1146 2823 personae.
1169 2726 1263 2800 Vide
1289 2747 1405 2820 quam

298 2850 461 2924 naturali
493 2859 531 2924 et
560 2852 748 2925 innocenti
783 2872 988 2948 progressu
1016 2872 1125 2926 amor
1159 2851 1197 2924 in
1234 2851 1406 2924 animum

299 2975 475 3050 Carlottae
494 2983 533 3049 et
551 2977 799 3070 centurionis
822 2977 953 3051 deinde
971 2977 1009 3049 in
1028 2975 1193 3053 Eduardi
1214 2982 1252 3049 et
1270 2969 1425 3050 Ottiliae'

298 3104 431 3194 pectus
457 3121 543 3174 sese
566 3101 760 3174 insinuet!
799 3103 900 3176 Dum
937 3101 1071 3175 eadem
1102 3107 1222 3194 agunt
1254 3107 1408 3173 curant·

299 3245 371 3319 que
392 3225 558 3299 Carlotta
577 3233 615 3298 et
633 3227 809 3300 Centurio
837 3226 968 3300 ardere
995 3225 1198 3322 incipiunt:
1223 3249 1242 3294 «
1268 3225 1408 3298 Beiden

298 3349 427 3423 wurde
452 3371 495 3425 es
514 3350 643 3444 leicht‚
670 3373 901 3425 zusammen
924 3351 974 3424 aa
992 3348 1147 3424 mirlren
1170 3345 1251 3422 aad
1281 3355 1406 3424 etwas

335 3607 345 3644 ¹
361 3607 398 3664 V.
415 3607 438 3671 l,
454 3620 499 3662 1x:
521 3626 534 3662 ι
551 3607 638 3664 Denn
654 3608 816 3678 algentliolr
832 3623 898 3664 war
912 3609 961 3664 dic
975 3607 1120 3678 Nelgung
1133 3608 1232 3665 dieser
1246 3609 1355 3666 beiden
1366 3609 1408 3675 [id

299 3705 346 3758 est
361 3702 504 3760 Carlottae
522 3709 553 3760 et
568 3704 772 3773 centurionis]
791 3707 867 3762 eben
887 3720 922 3761 so
942 3709 997 3776 gut
1021 3706 1062 3760 im
1082 3705 1238 3762 Wachsen
1259 3707 1306 3763 als
1326 3705 1407 3778 jane,

300 3799 365 3855 und
379 3800 527 3858 viellciclzt
541 3818 604 3857 aar
621 3801 698 3858 aoclr
710 3801 919 3876 pesoelrrliclter
937 3801 1085 3867 dadurclr,
1099 3802 1169 3859 daec
1184 3801 1267 3860 boida
1278 3805 1409 3866 ecastor.

299 3897 434 3954 cichorea·
447 3914 507 3954 con
519 3898 582 3955 siclt
596 3898 694 3964 selbot,
709 3883 773 3956 siclt
786 3917 827 3956 au
841 3899 944 3957 hatten
957 3900 1083 3974 scaliger
1097 3917 1204 3958 waren
1225 3921 1249 3958 n.

334 3996 379 4052 Cf.
395 3999 565 4067 praesertim
579 4000 617 4056 de
633 4000 766 4057 Eduardi
776 4003 805 4056 et
821 3998 934 4057 Omnae
945 4014 1062 4056 amore:
1078 4000 1168 4069 «dos,
1180 4015 1244 4055 was
1255 4014 1298 4054 au
1308 3997 1408 4053 dieser

299 4091 438 4169 Ncipunq
450 4094 588 4166 struitur
601 4097 669 4152 scin
684 4096 800 4153 moclttc
812 4099 846 4165 (l,
860 4101 893 4163 x)
915 4117 940 4155 r.

335 4193 450 4261 l,x111:
473 4193 549 4248 «als
566 4193 617 4248 ihr
631 4197 673 4263 [id
687 4199 735 4252 est
750 4194 874 4264 Ottiliae]
895 4195 949 4252 der
968 4194 1051 4252 Geist
1069 4195 1256 4268 candelaria,
1278 4193 1347 4249 dass
1366 4192 1411 4250 sic

300 4287 388 4347 lroetlc
403 4289 569 4365 sciwcipen
584 4291 678 4348 collon
694 4311 719 4350 a.

338 4389 361 4456 l,
377 4401 454 4444 xrr:
472 4409 484 4442 r
503 4387 633 4445 Eduard
645 4390 753 4461 sutile,
770 4390 829 4446 wie
840 4389 935 4448 Racht
949 4390 993 4446 sie
1007 4392 1049 4459 [id
1063 4395 1110 4448 est
1125 4391 1271 4459 Carlotta]
1285 4389 1369 4446 tatto
1385 4408 1410 4446 n.

338 4486 383 4544 Cl.
404 4488 535 4557 deniqne
554 4490 681 4545 verbnm
696 4488 831 4560 ‘leider’
847 4491 878 4545 in
898 4490 1004 4546 ultima
1025 4491 1175 4546 undecimi
1196 4490 1305 4559 capitis
1325 4491 1412 4559 parte
1498 4497 1500 4500 ·

304 4585 408 4654 (l,x1).
436 4670 439 4676 ,
