3680 5612
766 795 1005 870 -retf

299 947 449 1022 queque
474 928 510 998 iu
536 928 631 1019 loeo,
658 928 834 1002 Goethius
859 927 1051 1023 interpreti
1076 931 1261 1022 praestet!
1289 926 1406 1010 Quid!

297 1073 394 1148 quos
420 1052 593 1126 Goethius
624 1078 642 1122 ιι
677 1050 744 1124 dte
767 1047 1147 1125 Rdclrlceluenden¹
1176 1077 1194 1120 ι)
1224 1052 1407 1144 nominat,

298 1195 422 1248 nonne
462 1175 586 1269 gallici
620 1175 845 1281 interpretes
879 1199 897 1244 ιι
939 1171 995 1246 les
1029 1171 1141 1246 denso
1168 1173 1363 1248 αιιιιιιιεε2
1390 1197 1409 1242 ι)

300 1299 490 1396 appellant
510 1305 517 1373 t
541 1301 654 1374 Dicas
672 1301 895 1397 interpretes
914 1299 1052 1372 Goethii
1071 1317 1192 1392 genus
1211 1299 1354 1376 dicendi
1375 1306 1413 1371 et

301 1424 494 1500 ardentius
514 1433 552 1499 et
569 1425 749 1500 fervidius
768 1446 813 1498 ex
831 1424 1024 1522 proposito
1044 1417 1227 1500 effecisse.

350 1550 532 1645 Denique,
555 1557 597 1624 ut
616 1550 781 1625 Eduardi
801 1557 838 1624 et
861 1551 997 1626 Ottiliae
1021 1571 1193 1624 amorem
1212 1551 1249 1623 in
1287 1550 1412 1626 maius

305 1675 425 1768 effert,
448 1676 500 1750 ita
519 1677 564 1749 A.
588 1675 632 1748 de
652 1675 848 1750 Carlewitz
868 1684 905 1749 et
924 1676 1161 1750 centurionis
1180 1683 1217 1750 et
1236 1675 1412 1750 Carluttae

302 1799 476 1874 ardorem
495 1800 581 1897 plus
600 1822 710 1896 aequo
730 1801 936 1898 amplificet
948 1823 958 1894 ;
980 1801 1082 1897 quod
1105 1823 1150 1874 eo
1179 1801 1306 1876 minus
1327 1821 1412 1900 pro-

302 1925 472 2000 bandum
491 1932 562 2020 est,
585 1926 686 2022 quod
705 1927 765 2000 hee
780 1947 953 2024 persunae
972 1927 1010 2000 in
1029 1927 1167 2002 Guethii
1186 1927 1280 2004 libre
1299 1925 1414 2000 ratio-

302 2051 361 2125 nis
380 2058 417 2124 et
436 2051 646 2126 honestetis
664 2058 793 2149 partes
811 2059 957 2156 agunt:

486 2203 643 2260 Goerruus
998 2203 1035 2260 A.
1052 2215 1092 2260 nu
1108 2203 1304 2260 Cnnnowrrz

340 2307 379 2366 Er
394 2308 468 2366 hielt
483 2311 528 2365 sie
550 2309 608 2366 test
628 2311 688 2368 und
705 2311 832 2366 drdekte
922 2311 944 2366 11
960 2311 989 2366 la
1000 2312 1130 2380 pressae
1141 2309 1334 2368 tendrement
1345 2323 1414 2366 eon·

301 2407 347 2462 sie
362 2422 401 2462 en
416 2409 494 2464 sich.
513 2408 646 2464 Erstaut
659 2411 758 2465 einem
769 2409 832 2466 Re-
886 2413 932 2464 tre
955 2423 990 2464 sa
1015 2409 1155 2478 poitrine.
1176 2409 1283 2466 Arrive
1306 2423 1359 2466 sur
1387 2409 1415 2464 le

302 2505 485 2578 senabtreng
504 2507 578 2562 liess
596 2521 630 2562 er
648 2508 693 2563 sie
717 2507 831 2574 nieder,
886 2508 1001 2576 rivege,
1018 2508 1038 2562 il
1053 2508 1083 2562 le
1097 2507 1214 2578 deposa
1227 2521 1281 2564 sur
1296 2521 1336 2564 un
1351 2511 1414 2564 ter-

302 2601 386 2658 nicht
400 2601 478 2657 ohne
490 2601 663 2676 Bewepnnd
672 2603 739 2660 und
756 2601 831 2660 Ver-
886 2606 1080 2662 raincouvert
1091 2605 1128 2661 de
1134 2603 1415 2680 gezonSonapita·

301 2699 453 2774 ruirrunp.
887 2703 951 2760 tion
967 2702 1064 2760 tenuit
1079 2701 1120 2759 du
1135 2703 1264 2762 delire...
1279 2685 1414 2778 Eperdu,

677 2800 711 2865 (1,
724 2805 794 2865 x11).
886 2802 957 2858 hore
970 2801 1008 2858 de
1018 2800 1096 2860 tut...
1112 2807 1152 2872 (p.
1170 2801 1244 2868 112).
1262 2803 1274 2839 ⁸

349 2928 488 3019 Immo,
519 2947 607 2999 cum
637 2926 911 3001 vocabulum«
947 2926 1113 3001 beinnlre
1139 2954 1158 2999 n
1199 2929 1411 3022 omittatur,

301 3050 456 3144 fingitur
480 3051 589 3126 nobis
622 3052 789 3126 Carlotte
822 3054 1087 3128 centurionem
1117 3076 1192 3128 non
1224 3055 1304 3129 sine
1339 3075 1414 3128 uno

301 3176 466 3250 alterove
486 3176 617 3251 osculo
635 3176 854 3252 dimittens:

485 3327 642 3384 Guernrus
999 3331 1036 3386 A.
1053 3342 1093 3385 nn
1110 3329 1305 3387 Cenuowrrz

336 3436 397 3491 Der
419 3435 514 3500 Kuss,
539 3437 598 3492 den
627 3437 681 3493 der
705 3437 827 3493 Freund
919 3437 959 3492 Le
982 3439 1084 3493 baises
1099 3439 1207 3508 qu'etle
1232 3439 1313 3495 avait
1331 3453 1414 3504 reeu,

301 3537 435 3604 genam,
464 3535 523 3591 den
547 3537 593 3591 sie
617 3536 680 3591 ihm
702 3533 830 3591 temate
884 3533 1396 3607 queueavart2·eneu...(p.112).

300 3633 414 3688 zuruek
428 3635 613 3704 gegeben...
630 3633 665 3699 (1,
682 3639 753 3698 xu).

299 3760 422 3854 Atque
448 3759 596 3852 volens,
627 3781 715 3833 mea
740 3759 893 3855 quidem
921 3759 1109 3856 opinione,
1142 3761 1282 3835 emittit
1302 3763 1345 3837 A.
1370 3763 1415 3854 de

299 3884 497 3958 Carlewitz
527 3884 680 3958 verba:
720 3908 739 3954 «
781 3885 839 3958 Sie
869 3892 1026 3958 mussen
1059 3885 1266 3977 scheiden‚
1301 3886 1416 3961 lieber

297 4010 460 4102 Freund,
483 4010 559 4083 und
579 4010 639 4084 Sie
659 4009 810 4085 werden
828 4011 1005 4086 scheiden
1030 4035 1064 4084 n.

337 4265 348 4300 ¹
364 4265 540 4338 Affinitatee
556 4265 696 4334 electivae,
715 4267 737 4335 1,
753 4279 807 4323 xv.

334 4362 346 4399 ¹
362 4363 503 4431 Porehet,
521 4379 550 4434 p.
566 4365 633 4422 433:
650 4407 656 4433 ι
672 4365 724 4420 des
738 4367 864 4422 amante
875 4368 901 4431 ’3
919 4366 956 4422 A.
973 4365 1012 4422 de
1027 4364 1200 4432 Carlowitz,
1216 4381 1246 4435 p.
1263 4365 1330 4423 129:
1352 4409 1358 4435 ι
1375 4365 1416 4422 les

303 4460 384 4516 deun
398 4463 524 4518 amante
535 4465 552 4516 '.

337 4559 348 4596 ³
367 4558 412 4616 Ct.
430 4561 520 4618 intra:
538 4575 579 4617 un
593 4561 696 4618 baiser
710 4560 836 4618 brutant
847 4568 888 4631 (p.
901 4561 963 4627 112)
979 4575 1033 4631 pro
1048 4560 1160 4631 tettrast
1176 4563 1210 4632 (1,
1227 4569 1299 4628 xu).
