3640 5620
568 1268 1038 1425 rnoffinrun

854 1701 864 1721 ι
880 1689 914 1727 La
933 1685 1049 1727 morante
1068 1687 1125 1726 d'un
1144 1693 1233 1726 roman
1252 1687 1362 1727 consiste
1454 1736 1457 1744 Ι

833 1750 897 1789 dans
909 1751 947 1788 166
962 1749 1112 1790 6661666616
1122 1751 1179 1796 qu’il
1193 1749 1285 1798 insptre
1298 1763 1306 1784 ι

856 1857 878 1892 Α.
891 1865 921 1894 nu
932 1855 1014 1900 811116,
1022 1855 1056 1895 De
1068 1857 1209 1900 Germania.
1217 1857 1271 1904 Gap.
1282 1864 1360 1896 xxuru.

301 2171 760 2266 Quanquamrecentium
792 2170 1008 2244 criticorum
1039 2171 1175 2244 cohors
1206 2169 1295 2264 quid
1325 2169 1363 2241 in

253 2317 404 2392 quoque
431 2297 525 2371 libro
558 2297 647 2370 utile
680 2298 741 2389 sit,
776 2297 864 2392 quid
895 2305 1055 2389 rectum,
1089 2295 1178 2391 quid
1210 2295 1360 2388 decenS,

252 2421 342 2515 quid
360 2444 450 2514 non,
467 2423 543 2496 iere
556 2441 708 2520 semper
727 2423 867 2514 omisit,
889 2423 961 2495 hoc
978 2430 1106 2496 tamen
1120 2421 1363 2517 potissimum

253 2547 291 2618 111
314 2547 464 2644 scriptis
487 2548 658 2641 legentes
683 2547 920 2626 considerare
945 2547 1094 2621 debent.
1123 2545 1159 2620 Si
1183 2545 1363 2642 prodesse

254 2678 290 2743 et
313 2671 449 2746 idonea
468 2673 555 2746 vitae
575 2673 697 2746 dicere
717 2673 877 2770 scriptor
895 2673 1025 2766 voluit,
1048 2671 1283 2763 laudandus;
1306 2671 1363 2743 sin

254 2796 342 2870 boni
362 2799 584 2892 honestique
605 2820 736 2874 euram
756 2799 932 2892 neglexit,
955 2797 1166 2894 culpandus
1184 2804 1254 2871 est.
1278 2798 1365 2869 Per·

252 2923 364 3017 pauci
384 2924 485 2996 enim
503 2923 601 3017 libri,
623 2925 835 3021 praesertim
859 2924 910 2996 illi
930 2923 968 2996 in
992 2923 1132 3017 quibus
1155 2921 1200 2994 de
1229 2922 1364 2996 virtute

255 3047 500 3143 moribusque
527 3050 666 3143 agitur,
693 3050 900 3143 legentium
929 3049 1078 3123 animos
1107 3049 1291 3122 fluctuare
1320 3068 1366 3119 ae

255 3180 429 3247 neutram
449 3173 487 3245 in
498 3181 647 3270 partem
660 3175 837 3249 inclinare
852 3175 993 3249 sinunt.
1012 3175 1096 3247 Sive
1113 3173 1231 3246 voluit
1251 3171 1367 3268 scrip

256 3305 327 3390 tor,
354 3299 434 3373 sive
459 3299 591 3392 noluit,
619 3300 754 3395 cuique
778 3297 1363 3393 1666111166666616161611166,

257 3443 333 3516 qua
351 3423 512 3516 legentis
524 3424 676 3500 animus
692 3425 740 3499 ad
757 3426 872 3498 finem
892 3425 1110 3519 quemdam,
1130 3423 1189 3496 vel
1207 3423 1364 3514 bonum,

258 3548 317 3620 vel
337 3549 483 3623 malurn
502 3549 648 3624 incitari
667 3557 804 3648 potest.
828 3552 962 3640 Immo,
981 3571 1026 3623 ex
1047 3550 1118 3624 hac
1138 3550 1221 3645 ipsa
1240 3548 1289 3639 vi,
1305 3569 1367 3620 me

257 3673 410 3766 quidem
428 3675 562 3768 iudice,
585 3676 891 3770 cognoscendum
912 3683 971 3749 est
990 3676 1079 3770 quid
1098 3675 1223 3748 valeat
1244 3673 1368 3769 serip-

258 3806 353 3891 tum,
381 3809 510 3875 utrum
533 3801 690 3896 dignum
713 3803 774 3895 sit,
797 3801 898 3897 quod
921 3801 1082 3894 legatur,
1109 3823 1158 3874 an
1177 3820 1265 3872 non.
1293 3798 1369 3872 Illis

258 3925 359 3997 enim
378 3926 582 4023 principiis,
605 3927 743 4021 quihus
768 3934 871 4001 recta
890 3927 928 3998 in
952 3926 1014 3999 via
1033 3925 1252 4017 retinemur,
1274 3944 1370 3996 eon-

258 4050 419 4126 firmatis
438 4058 506 4125 661
518 4052 730 4144 infirmatis
745 4052 854 4145 erigit
866 4052 1039 4125 animum
1051 4050 1144 4123 liber
1156 4049 1370 4145 quicunque

258 4175 317 4247 vel
337 4175 518 4270 debilitat,
545 4199 616 4251 nos
643 4179 692 4251 ad
716 4178 939 4252 certandum
960 4198 1027 4274 pro
1052 4176 1180 4250 666616
1200 4175 1310 4248 116616
1334 4181 1371 4247 61

256 4300 370 4394 justis
389 4303 513 4396 magis
528 4304 587 4375 vel
607 4304 733 4378 minus
745 4311 856 4400 aptos
871 4303 997 4396 efficit,
1009 4302 1175 4376 studium
1198 4307 1372 4375 nostrum

258 4447 303 4500 ac
333 4427 463 4521 magni
492 4435 529 4500 et
557 4429 648 4502 recti
678 4429 968 4503 admirationem
1000 4435 1067 4502 aut
1103 4425 1274 4500 accendit
1306 4431 1373 4498 aut

260 4552 488 4646 restinguit3
521 4560 563 4627 ut
597 4554 749 4629 brevius
782 4553 918 4646 dicam,
952 4555 1141 4648 legentem
1177 4551 1372 4626 meliorem
