3680 5612
738 839 917 898 -ll5-

319 976 353 1048 N
356 993 404 1046 on
433 980 562 1046 tamen
593 972 767 1046 Gurthius
792 977 894 1045 recta
921 971 1089 1044 oratione
1117 969 1380 1046 vehementius

273 1096 478 1190 legentium
511 1094 660 1169 animos
693 1115 809 1190 quam
838 1093 999 1190 obliquis
1026 1101 1065 1167 et
1091 1093 1379 1190 compendiariis

272 1221 437 1316 quodam
456 1221 569 1293 modo
589 1219 716 1294 verbis
735 1219 966 1294 commoveri
978 1203 1085 1292 ¹certe
1104 1219 1315 1313 ignorabat.

321 1347 461 1441 Atque,
488 1345 561 1420 sub
585 1346 699 1420 linem
723 1345 819 1436 libri,
845 1367 933 1418 cum
956 1344 1157 1418 Eduardus
1179 1344 1227 1418 ad
1250 1344 1381 1418 hortos

175 1529 183 1544 .
274 1491 367 1545 suos
398 1471 526 1564 redux,
565 1470 701 1546 Ottiliae
737 1490 853 1567 prope
889 1469 1016 1543 lacum
1053 1470 1168 1544 stanti
1204 1470 1378 1562 occurrit,

276 1595 478 1669 divortium
500 1596 656 1670 iamiam
684 1595 853 1669 luturum
881 1595 1054 1668 imminet
1080 1615 1202 1690 neque
1230 1594 1382 1690 quidem

277 1719 388 1795 nobis
400 1727 490 1794 tunc
504 1721 604 1796 ullus
620 1721 752 1794 melior
764 1720 887 1794 exitus
899 1718 1079 1794 exsistere
1090 1739 1204 1816 posse
1222 1719 1378 1794 videtur.

326 1849 404 1920 Nec
429 1846 554 1920 satis:
581 1846 789 1941 quaerimus
816 1846 917 1918 enim
946 1866 995 1919 an
1022 1843 1184 1920 fortasse
1211 1844 1384 1919 Goethius

277 1992 349 2046 nos
372 1971 409 2043 in
429 1990 596 2044 errorem
614 1971 799 2045 induxerit
818 1977 932 2065 atque
951 1969 1041 2044 illud
1064 1971 1102 2043 in
1125 1968 1224 2043 bono
1243 1969 1384 2042 lumine

277 2095 453 2168 collocari
474 2095 587 2192 (sicut
609 2102 838 2192 putaverunt
860 2093 1046 2190 Gervinus
1069 2102 1107 2168 et
1129 2094 1274 2168 Vilmar
1296 2114 1385 2168 con-

276 2225 334 2294 tra
366 2226 538 2295 nostram
569 2220 648 2294 iam
685 2241 905 2318 expressam
935 2218 1191 2316 opinionem),
1243 2219 1385 2294 scilicet

276 2366 404 2418 rerum
423 2352 570 2420 naturae
589 2367 664 2419 non
682 2365 768 2420 esse
794 2345 1059 2438 resistendum,
1081 2366 1126 2419 ac
1153 2344 1279 2441 potius
1308 2344 1387 2418 vio-

279 2469 391 2544 lentis
410 2470 647 2568 cupidinibus
666 2470 795 2545 statim
814 2490 899 2545 esse
918 2470 1140 2562 cedendum,
1162 2468 1333 2543 voluerit.

325 2595 430 2680 Quod
465 2596 498 2670 si
530 2603 660 2670 autem
690 2596 744 2669 ita
775 2602 890 2687 esset,
928 2594 1016 2690 quid
1044 2593 1090 2668 de
1118 2593 1386 2670 indissociabili

277 2720 509 2794 matrimonii
535 2719 703 2813 vincul0,
729 2720 778 2794 ad
806 2720 906 2814 quod
937 2717 1020 2791 libri
1048 2719 1207 2793 materia
1235 2718 1386 2792 tendere

277 2866 317 2919 re
339 2846 423 2942 ipsa
442 2845 602 2939 videtur,
623 2845 730 2919 tieret
749 2851 766 2916 ἱ)
785 2845 869 2936 Sed,
895 2865 943 2916 ne
967 2865 1088 2936 mora,
1119 2845 1190 2918 boc
1214 2844 1273 2916 vel
1296 2843 1387 2917 illud

280 2990 482 3045 sumamus
505 2991 661 3045 necesse
685 2977 755 3045 est.
782 2969 853 3056 Qui
876 2968 1017 3043 bonam
1041 2969 1129 3043 vitae
1153 2969 1255 3042 viam
1281 2990 1387 3064 spec-

279 3101 335 3168 tat
362 3116 438 3169 non
467 3095 609 3170 diutius
635 3116 696 3168 res
723 3095 762 3167 in
789 3093 902 3168 dubio
938 3115 1023 3168 esse
1053 3093 1212 3167 tolerare
1240 3101 1382 3191 potest.

278 3218 352 3293 Aut
375 3220 605 3293 matrimonii
631 3219 778 3293 vincula
806 3219 930 3316 rumpi
955 3239 1031 3291 non
1055 3218 1113 3292 las
1141 3225 1200 3292 est
1226 3217 1387 3314 ideoque
1494 3243 1497 3254 ·

279 3362 354 3414 non
383 3343 465 3416 haec
493 3365 578 3418 esse
611 3343 780 3418 materiae
808 3343 1050 3440 amplificatio
1080 3342 1294 3437 debuisset,
1320 3351 1388 3418 aut

281 3466 483 3541 divortium
498 3469 578 3541 fieri
596 3469 655 3543 ias
674 3474 745 3560 est,
768 3467 927 3563 ideoque
950 3466 1077 3542 nullus
1096 3467 1134 3540 in
1157 3466 1250 3542 libro
1274 3468 1389 3562 tragi-

281 3611 350 3664 cus
371 3592 494 3666 nodus
513 3599 585 3685 est,
607 3598 650 3665 ut
669 3592 803 3665 merito
826 3591 1003 3666 iudicavit
1027 3594 1244 3684 HettneruS,
1265 3613 1388 3687 neque

281 3714 391 3789 nobis
411 3724 453 3790 ut
471 3715 748 3791 indissociabile
773 3716 919 3792 ostendi
947 3717 1177 3790 matrimonii
1195 3716 1387 3791 vinculum

281 3841 521 3937 oportuisset.

326 3968 411 4040 Non
440 3974 540 4040 certe
568 3967 639 4041 hoc
671 3967 868 4060 contende,
899 3966 1064 4040 Eduardi
1091 3966 1235 4042 similes
1264 3965 1389 4042 nullos

279 4091 459 4165 exsistere
472 4092 672 4185 homines;
694 4112 856 4188 quorum
873 4099 1001 4166 tamen
1015 4093 1244 4188 perexiguus
1257 4114 1390 4166 nume-

279 4235 357 4288 rus.
393 4217 574 4301 Quotiens
607 4224 739 4291 autern
776 4217 863 4292 talis
892 4217 1056 4292 hominis
1087 4217 1205 4292 vitam
1236 4217 1388 4313 quidam

277 4339 420 4434 scribit,
446 4340 543 4415 sire
579 4364 669 4417 vera
706 4342 801 4418 adeo
835 4342 961 4417 malus
997 4343 1169 4417 mortalis
1205 4363 1390 4437 umquam

279 4465 448 4559 offertur,
468 4466 568 4540 hunc
587 4467 641 4542 sic
659 4467 790 4565 pingat
802 4488 957 4543 necesse
970 4475 1029 4542 est
1047 4475 1090 4542 ut
1108 4466 1218 4542 nobis
1236 4466 1391 4542 odiosus

280 4597 317 4664 et
332 4589 547 4666 inamabilis
565 4593 626 4668 sit.
