3640 5620
936 821 1091 880 ..24-

135 952 406 1008 TRANSMHONES
504 952 715 1028 Translatio
752 952 852 1024 enim
889 955 1089 1044 Bnuronu,
1131 954 1194 1048 qui
1234 954 1384 1027 feminae
1425 955 1569 1050 primas

194 1447 354 1507 ancsrs

189 1561 230 1602 uu
251 1548 354 1604 Lion'u

210 3087 343 3145 Fuuum

193 3200 233 3244 uu
256 3188 361 3244 Srnun

457 1085 584 1174 partes
604 1077 752 1170 agentis
766 1071 908 1150 'nomen
933 1078 969 1149 in
992 1078 1275 1174 inscriptionem
1299 1078 1458 1172 retulit,l
1491 1079 1570 1152 ani·

459 1223 544 1276 mos
575 1224 650 1275 non
674 1203 799 1296 magis
822 1202 1010 1294 excitavit,
1042 1224 1156 1298 quam
1179 1204 1370 1278 liberrima
1393 1203 1566 1296 imitati0,

458 1349 543 1423 quae
575 1328 708 1400 eodem
733 1349 832 1400 anno
852 1349 992 1401 uucccx
1026 1330 1212 1424 apparuit,
1242 1336 1280 1402 et
1299 1350 1385 1423 quae
1413 1328 1570 1401 fideliter

460 1477 479 1522 «
491 1451 568 1526 Les
586 1452 624 1526 A
629 1454 655 1548 f
643 1449 788 1553 finitos
807 1449 991 1525 electives
1006 1477 1024 1522 »
1038 1453 1217 1548 inscripta
1229 1459 1321 1527 erat.
1344 1455 1441 1527 Sanc
1460 1454 1570 1527 Pam·

458 1599 543 1650 curs
565 1599 610 1650 un
630 1579 756 1668 me,
779 1599 867 1650 cum
892 1576 1068 1670 gallicam
1092 1559 1377 1652 translationem
1398 1578 1566 1671 legisset,

457 1709 587 1798 aperte
597 1723 642 1776 ac
654 1702 852 1798 propalam
864 1702 1154 1776 admirationem
1165 1723 1277 1776 suam
1288 1703 1566 1799 professusest:

460 1851 479 1898 r<
500 1827 593 1910 Quel
612 1827 879 1900 chel-d'ceuvre
900 1852 935 1919 n,
956 1827 992 1898 in
1014 1827 1177 1923 epistula
1195 1827 1243 1902 ad
1262 1827 1430 1901 amicum
1449 1826 1571 1900 excla-

459 1952 588 2044 mavit,
613 1976 632 2021 n
655 1957 780 2024 meme
800 1973 847 2024 en
866 1952 1043 2044 francam,
1066 1973 1139 2046 que
1160 1952 1216 2024 les
1242 1952 1419 2026 tablcttes
1444 1951 1572 2026 d'Otti·

459 2077 531 2150 lie!
555 2084 591 2149 et
615 2098 688 2173 que
712 2077 757 2149 de
781 2076 1020 2173 prolondeur‚
1046 2077 1279 2151 d’attacliant
1303 2085 1340 2150 et
1364 2077 1571 2172 d’imprcvu

458 2202 553 2275 dans
572 2209 631 2275 cet
654 2221 833 2294 ouvrage,
856 2205 905 2274 ou
925 2201 992 2295 ily
1016 2224 1040 2274 a
1064 2200 1101 2274 la
1126 2201 1213 2298 plus
1239 2203 1380 2296 grande
1404 2201 1574 2298 superio·
1691 2239 1695 2246 ·

458 2327 527 2400 rite'
549 2349 615 2400 suc
634 2348 728 2399 ceux
745 2326 812 2399 des
831 2333 961 2398 autres
975 2327 1124 2400 nations
1141 2351 1174 2400 ».
1187 2325 1201 2368 2
1216 2328 1287 2400 Sed
1300 2327 1468 2401 maxima
1483 2347 1573 2422 pars

458 2473 589 2525 eorum
612 2451 959 2544 Francogallorum,
983 2453 1046 2545 qui
1066 2452 1204 2525 Goethii
1223 2451 1362 2526 librum
1385 2452 1570 2545 legerunt,

460 2597 591 2650 recens
630 2597 727 2672 opus
768 2597 841 2649 non
875 2575 1036 2671 benigne
1069 2585 1294 2672 exceperunt
1331 2577 1388 2649 vel
1419 2575 1573 2650 omnino

460 2703 717 2796 neglexerunt,
740 2701 831 2774 dum
859 2701 994 2774 mulier
1027 2720 1100 2774 non
1132 2700 1307 2794 ignobilis
1325 2704 1369 2775 ll.
1402 2723 1447 2776 un
1478 2704 1574 2776 Cun-

462 2848 617 2918 murm,
657 2825 901 2899 Gcethianum
925 2823 1064 2898 librum
1096 2847 1141 2898 ex
1179 2827 1396 2920 germanico
1420 2825 1458 2898 in
1496 2825 1575 2919 gal-

462 2953 577 3026 licum
596 2972 813 3024 sermonem
831 2950 1032 3025 transtulit.
1236 2939 1238 2942 ’

513 3077 769 3151 Etiamnum
797 3079 987 3150 Luuovrcn
1006 3097 1051 3151 uu
1075 3078 1205 3168 Srnnn,
1232 3077 1407 3170 quamvis
1435 3095 1575 3168 magno

465 3205 741 3276 Germanorum
771 3209 894 3298 poetae
915 3201 1079 3274 maxime
1105 3202 1259 3294 faveret,
1286 3222 1417 3275 severe
1447 3207 1575 3274 tamen
1667 3259 1672 3268 .

464 3328 509 3400 de
522 3327 721 3400 Goethiano
739 3326 832 3399 libro
847 3327 1036 3418 iudicavit,
1060 3327 1124 3422 qui
1144 3326 1278 3400 eodem
1306 3326 1382 3399 fere
1406 3333 1576 3422 tempore

464 3452 652 3548 apparuit,
680 3472 755 3546 quo
779 3451 914 3524 eadem
932 3450 1220 3524 celeberrimum
1240 3421 1379 3523 libr'um
1397 3449 1461 3523 De
1481 3451 1577 3526 Ger·

463 3577 603 3649 mania
622 3575 785 3672 scripsit.
803 3576 899 3648 llicit
914 3596 999 3650 sese
1019 3576 1163 3650 nescire
1181 3576 1270 3671 quid
1289 3575 1361 3650 sibi
1381 3575 1442 3648 illo
1463 3595 1575 3672 opere

463 3701 692 3774 conficiendo
721 3700 880 3796 scriptor
909 3701 1147 3796 proposuerit
1175 3707 1290 3794 alque
1325 3700 1427 3773 addit
1459 3698 1577 3772 animi

462 3825 706 3898 intentionem
735 3824 872 3918 legenti
897 3825 1039 3921 saepius
1063 3824 1319 3918 languescere.
1348 3824 1402 3897 llli
1431 3823 1577 3897 videtur

463 3971 560 4045 opus
579 3949 775 4023 cotidianae
796 3950 1073 4023 vitaehumanae
1093 3950 1180 4046 plus
1203 3971 1313 4045 aequc
1333 3948 1455 4024 simile
1475 3970 1574 4042 esse,

498 4234 631 4292 ¹Oltilie
645 4250 683 4290 ou
700 4233 727 4290 lc
746 4233 881 4289 Pccvoir
896 4233 933 4289 de
949 4232 980 4288 la
999 4231 1189 4307 Sympatlrie,
1210 4247 1265 4304 par
1284 4231 1425 4298 Bnunon,
1447 4234 1576 4293 Lutetiae

464 4331 662 4396 Parisiorum,
679 4343 818 4389 unccox.

498 4427 674 4485 'Nouucau
697 4427 821 4486 Recueil
844 4429 881 4485 dc
905 4429 1020 4486 Lcltres
1043 4429 1085 4484 du
1105 4427 1219 4484 Princo
1242 4429 1279 4484 dc
1302 4427 1406 4504 Lipnc,
1431 4431 1575 4489 Vimariae

465 4540 635 4592 uucccxu,
652 4533 673 4584 t.
690 4541 727 4592 11,
743 4543 772 4598 p.
789 4529 816 4584 4.
