3680 5612
895 800 1072 861 -las-

228 997 230 1002 ,
321 1023 324 1029 ¹
431 931 503 1008 sibi
530 935 727 1030 proposuit
759 939 801 1007 ut
839 933 956 1007 nimia
987 931 1159 1005 ubertate
1186 939 1224 1007 et
1251 933 1360 1029 eopia
1389 932 1533 1006 dicendi

431 1057 637 1152 legentium
657 1059 806 1134 animos
824 1057 873 1132 ad
892 1057 1083 1140 libidinem
1100 1056 1296 1132 incitaret.
1318 1059 1415 1132 Cum
1434 1058 1534 1133 Edu-

430 1182 546 1258 ardus
565 1184 767 1281 cupiditate
786 1184 840 1258 sic
859 1182 977 1275 ardet,
1000 1183 1103 1256 utin
1126 1183 1228 1257 nullo
1252 1203 1436 1279 umquam
1460 1183 1533 1258 lla-

430 1309 603 1401 grantius
621 1308 789 1383 studium
809 1308 950 1401 videas,
972 1308 1102 1401 imme,
1118 1329 1207 1382 eum
1227 1307 1417 1383 effrenatis
1430 1308 1534 1405 eupi-

430 1431 611 1508 ditatibus
647 1433 811 1508 maxime
854 1439 1065 1508 oecaeeatur
1106 1440 1144 1507 et
1174 1432 1324 1507 libidine
1364 1453 1535 1530 praeceps

428 1557 558 1651 fertur,
585 1558 689 1634 dicas
712 1558 933 1654 scriptorem
964 1557 1169 1650 studuisse,
1196 1565 1238 1630 ut
1269 1578 1331 1633 res
1362 1558 1400 1631 in
1430 1558 1534 1633 brevi

429 1690 634 1779 conspectu
663 1690 818 1780 poneret
846 1683 1049 1779 leviterque
1076 1682 1358 1778 praestringeret
1385 1707 1393 1756 :
1424 1682 1531 1776 vide,

430 1808 591 1906 exempli
620 1830 762 1901 causa,
789 1809 827 1881 in
852 1806 991 1882 Prioris
1015 1808 1139 1882 Partis
1165 1808 1287 1905 eapite
1310 1806 1533 1882 duodecimo

431 1932 537 2006 haee:
561 1958 580 2004 «
607 1932 759 2007 Eduard
784 1932 860 2007 hob
884 1932 987 2007 seine
1011 1934 1125 2008 Arme
1153 1953 1311 2029 emper:
1338 1935 1397 2007 Du
1424 1932 1535 2008 liebst

429 2056 558 2132 mich!
590 2056 661 2131 riel
681 2079 721 2131 er
744 2078 834 2150 aus,
860 2058 1000 2151 Ottilie,
1030 2057 1081 2130 du
1104 2057 1216 2131 liebst
1239 2057 1363 2132 mich!
1386 2057 1463 2131 und
1480 2058 1536 2132 sie

428 2181 567 2256 hielten
601 2181 778 2256 einander
807 2182 994 2257 umlasst.
1024 2184 1117 2256 Wer
1143 2181 1212 2256 das
1243 2182 1381 2256 andere
1410 2189 1537 2258 zuerst

428 2305 625 2401 ergrillen,
653 2327 763 2381 waere
789 2306 891 2380 nicht
913 2329 960 2380 zu
987 2305 1274 2380 unterscheiden
1305 2326 1530 2400 gewesen...

427 2431 486 2506 Sie
509 2431 668 2506 standen
691 2445 759 2505 vor
786 2430 980 2524 einander,
1010 2451 1051 2505 er
1073 2431 1164 2505 hielt
1192 2431 1272 2505 ihre
1295 2430 1456 2524 Haende,
1478 2431 1534 2506 sie

427 2558 545 2632 sahen
564 2556 741 2632 einander
758 2556 797 2630 in
817 2557 875 2630 die
894 2557 1041 2651 Augen,
1061 2557 1114 2630 im
1133 2556 1276 2652 Begrili
1293 2557 1374 2631 sich
1395 2555 1534 2634 wieder

427 2703 474 2756 zu
492 2702 691 2756 umarmen
718 2705 752 2755 ».
773 2684 822 2756 At
844 2683 987 2754 statim
1013 2681 1174 2777 legitur:
1208 2706 1227 2752 «
1255 2681 1445 2756 Chariette
1464 2679 1533 2755 mit

428 2807 515 2882 dem
532 2808 777 2903 Hauptmann
795 2812 870 2880 trat
888 2805 1016 2880 herein
1042 2829 1076 2880 ›>.

477 2929 602 3003 Etiam
627 2949 714 3002 eum
737 2928 829 3001 illud
851 2928 963 3003 toties
986 2934 1023 3001 et
1048 2934 1128 3002 tam
1147 2928 1390 3002 vehementer
1412 2927 1535 3024 impu-

430 3059 588 3148 gnatum
607 3060 721 3148 atque
739 3053 777 3127 in
795 3053 904 3148 peius
922 3052 1166 3128 diiudicatum
1189 3053 1436 3145 adulterium,
1458 3073 1534 3126 non

428 3201 468 3252 re
496 3178 563 3254 sed
587 3180 714 3254 animo
743 3177 1010 3270 commissum,
1041 3177 1269 3274 depingitur,
1300 3177 1534 3274 aequabiliter

299 3314 305 3330 ·
427 3303 549 3379 fluens
568 3303 687 3380 oratio
706 3309 821 3398 atque
840 3302 1042 3378 verborum
1058 3299 1204 3390 sanitas
1218 3310 1256 3377 et
1269 3303 1435 3378 tenuitas
1448 3323 1534 3400 pro-

121 4469 367 4530 Counnmnrun

169 4581 266 4630 nmen
279 4581 317 4628 su

426 3428 605 3505 habitur:
646 3454 666 3500 «
702 3431 744 3502 ln
785 3429 851 3503 der
891 3429 1323 3526 Lampendaemmerung
1365 3427 1533 3522 segleich

428 3554 655 3652 behauptete
675 3553 734 3628 die
752 3552 880 3627 innere
898 3554 1087 3649 Neigung,
1109 3553 1338 3650 behauptete
1357 3552 1415 3627 die
1445 3551 1533 3626 Ein-

431 3678 706 3774 bildungskralt
748 3679 830 3752 ihre
877 3679 1021 3753 Rechte
1063 3677 1157 3752 dber
1197 3677 1267 3753 das
1313 3676 1535 3760 Wirkliche,

431 3804 583 3880 Eduard
600 3803 692 3878 hielt
709 3825 781 3877 nur
799 3803 948 3879 Ottilieu
967 3804 1005 3877 in
1024 3803 1154 3879 seinen
1172 3804 1313 3878 Armen
1334 3823 1345 3896 ;
1367 3801 1535 3878 Charlot-

431 3936 496 4004 ten
514 3928 705 4004 schwebte
724 3927 789 4002 der
808 3931 1054 4025 Hauptmann
1073 3929 1201 4004 naeher
1219 3927 1309 4002 oder
1328 3927 1450 4002 ferner
1469 3946 1536 4000 vor

432 4057 498 4130 der
521 4055 641 4148 Seele,
668 4054 744 4128 und
767 4075 811 4128 so
839 4054 1071 4148 verwebten,
1110 4053 1350 4130 wundersam
1383 4073 1532 4147 genug,

433 4181 514 4257 sich
540 4178 796 4255 Abwesendes
824 4180 900 4253 und
936 4178 1256 4274 Gegenwaertiges
1290 4177 1437 4252 reizend
1464 4175 1540 4251 und

433 4305 644 4381 wennevoll
663 4304 959 4379 durcheinander
985 4329 1004 4375 n
1027 4305 1069 4399 (l,
1089 4301 1157 4400 xl).

481 4435 530 4506 Ut
549 4430 761 4505 Germanici
783 4429 976 4526 seripturis
998 4436 1119 4504 artem
1143 4425 1287 4502 dicendi
1309 4426 1447 4502 melius
1469 4445 1541 4500 eo-

431 4575 662 4651 gnoseamus
693 4560 730 4629 et
766 4576 854 4629 eum
884 4553 1049 4650 quadam
1080 4552 1258 4648 aequitate
1286 4552 1534 4643 aestimemuS,
