3654 5644
755 751 913 812 ..95-

273 888 435 962 welcher
458 909 500 963 es
522 909 600 962 nnn
624 887 784 981 gchoert,
810 882 974 976 sicheri,
1003 883 1079 956 und
1110 881 1279 976 zugleich
1310 882 1403 956 ihm

272 1015 469 1104 verwehrt,
481 1012 677 1086 innerhalb
692 1010 889 1084 derselben
899 1007 1051 1108 undere
1065 1007 1209 1104 thaettq
1221 1028 1272 1080 au
1285 1006 1384 1098 sein,

272 1137 334 1212 ais
363 1138 403 1211 in
431 1136 843 1232 Ueberer'nstimmcnq
869 1134 944 1206 mit
968 1132 1091 1232 jcnen
1118 1129 1387 1229 athemeinen

273 1266 473 1346 Gesetaen,
491 1263 550 1337 die
568 1263 606 1335 in
626 1263 684 1335 ihr
702 1261 796 1335 alles
808 1260 1030 1334 Geschehen
1051 1255 1348 1333 beherrschen¹.
1368 1281 1387 1326 »

272 1391 367 1463 Tam
386 1411 503 1485 parva
522 1394 580 1462 est
599 1408 781 1461 concessa
800 1385 1020 1461 hominibus
1036 1383 1205 1474 libertas,
1222 1389 1265 1456 ut
1279 1403 1390 1454 num·

273 1536 390 1610 quam
409 1514 504 1588 satis
523 1513 768 1587 manifestum
786 1513 974 1586 faciamus
993 1531 1110 1605 quam
1127 1507 1248 1600 facile,
1264 1507 1296 1582 si
1315 1508 1390 1604 pri-

273 1661 378 1712 mam
396 1641 434 1711 in
453 1639 606 1735 culpam
624 1638 879 1730 inciderimus,
898 1657 1007 1710 novae
1027 1655 1179 1731 semper
1198 1633 1283 1706 inde
1304 1634 1388 1706 ine-

271 1765 437 1838 luctabili
470 1764 636 1860 quadam
674 1764 899 1837 necessitate
927 1765 1209 1855 consequantur
1240 1758 1386 1854 culpae3

272 1911 394 1985 neque
430 1889 468 1961 in
504 1890 639 1985 privati
670 1894 818 1962 tantum
855 1887 1034 1983 psychica
1066 1885 1156 1975 vita,
1190 1884 1258 1958 sed
1286 1889 1322 1956 ct
1350 1884 1389 1956 in

272 2014 456 2088 domuum
492 2021 529 2086 et
566 2014 763 2088 civitatum
794 2012 964 2104 historia,
992 2011 1120 2084 omnia
1150 2030 1320 2082 connexa
1351 2015 1388 2082 et

233 2127 235 2132 ¹
273 2131 545 2235 consequentia
566 2146 667 2213 sunt.

320 2267 390 2340 Est
409 2263 547 2338 modus
566 2265 604 2337 in
623 2263 750 2355 rebus,
773 2271 815 2337 ut
834 2261 991 2354 scimuS,
1014 2268 1051 2334 et
1070 2267 1160 2336 sunt
1179 2259 1271 2333 certi
1293 2260 1388 2334 fines

273 2410 370 2485 quos
389 2390 489 2464 ultra
512 2388 680 2484 citraque
704 2388 910 2482 consistere
934 2394 1080 2460 rectum
1104 2385 1234 2480 nequit
1247 2405 1258 2477 ;
1286 2385 1387 2457 diffi-

272 2515 454 2588 cillimum
474 2522 617 2606 autem,
639 2514 771 2606 fateor,
793 2514 893 2587 intra
911 2514 982 2586 hos
1002 2533 1044 2586 se
1062 2511 1254 2584 continere
1274 2510 1382 2602 fineS,

272 2639 341 2714 sed
360 2639 452 2713 mihi
466 2639 618 2734 quidem
640 2639 785 2712 videtur
804 2637 1002 2712 historiam
1022 2635 1208 2710 adoetnio
1225 2637 1261 2708 in
1276 2635 1384 2727 libro,

273 2764 319 2837 de
340 2787 415 2860 quo
436 2763 671 2856 disserimus,
687 2770 879 2837 narratam
899 2763 1247 2858 amplificatamque
1264 2782 1285 2832 e
1300 2780 1388 2834 con-

272 2889 390 2965 cessis
410 2889 549 2963 finibus
568 2889 671 2962 nullo
693 2888 805 2962 modo
825 2888 1016 2961 excedere.

320 3123 427 3206 Quod
455 3143 554 3194 nunc
592 3122 725 3196 attinet
758 3121 807 3193 ad
837 3121 997 3194 alteram
1032 3121 1267 3216 praecipuam
1293 3141 1386 3196 sen-

308 3378 317 3413 *
336 3375 571 3441 moretonium,
589 3374 680 3432 idean
695 3393 754 3432 cur
777 3371 1045 3450 Notnrycschi'chte
1059 3375 1125 3431 und
1141 3375 1314 3432 Gescdichte
1331 3377 1386 3432 der

274 3472 475 3543 Menechheit,
501 3489 523 3538 1,
540 3473 623 3530 Pars
642 3473 745 3538 tertia,
775 3475 868 3531 editio
890 3475 991 3537 tertia,
1016 3475 1138 3543 Lipsiae,
1159 3487 1382 3540 uoooouxxm,

273 3589 303 3642 p.
319 3573 382 3630 293.
394 3573 471 3629 Vide
477 3575 570 3628 ctiam
581 3574 612 3628 in
622 3574 699 3628 libro
710 3576 824 3639 nostro,
836 3574 888 3642 qui
900 3571 966 3626 «La
978 3569 1209 3646 Mttaptyaiquc
1219 3573 1255 3627 dc
1266 3572 1377 3628 Lotae»

272 3672 458 3738 inscribitur,
475 3669 575 3740 Caput
588 3671 742 3727 decimum
753 3675 786 3742 ,et
802 3669 1036 3727 Conclusionem
1058 3688 1065 3725 :
1087 3690 1100 3723 α
1117 3665 1253 3726 L’ac'tton
1272 3670 1378 3726 noton-

272 3766 353 3823 tat're
368 3771 411 3824 eat
426 3767 511 3823 armai
525 3785 587 3824 une
600 3768 683 3838 force
702 3768 777 3823 d'un
796 3768 888 3823 ordre
902 3767 1072 3842 superieur,
1089 3769 1141 3837 qui
1160 3771 1283 3838 penetro
1303 3769 1384 3825 dans

273 3867 528 3922 l’enchalncment
543 3868 599 3922 des
614 3881 724 3922 causes
742 3870 773 3923 et
787 3867 842 3922 des
856 3864 953 3923 effeta.
969 3865 1036 3923 Une
1054 3867 1112 3922 tois
1127 3867 1291 3924 introduite
1306 3868 1385 3924 daus

270 3965 300 4018 la
316 3964 422 4019 realite
436 3963 580 4030 sensibie,
596 3967 674 4019 cette
694 3964 774 4019 iorce
798 3965 940 4019 continue
955 3964 974 4018 a
988 3965 1056 4034 agir
1071 3965 1311 4022 conformement
1325 3979 1385 4020 anx

270 4062 330 4116 lois
344 4063 396 4131 qui
413 4066 600 4131 gouverneni
612 4065 690 4118 cette
700 4063 1021 4132 realite.L'impulsion
1032 4063 1148 4118 initiale
1158 4064 1243 4119 etant
1253 4064 1382 4131 donntc,

271 4157 359 4214 l'dtrc
374 4159 475 4212 moral
487 4161 530 4214 est
544 4158 647 4232 obliyd,
668 4174 785 4214 comme
799 4158 882 4214 l’itrc
894 4158 1051 4234 physicum,
1069 4159 1105 4216 de
1124 4160 1229 4216 suiorc
1244 4159 1383 4235 l'impul-

269 4255 338 4310 sion
353 4271 455 4322 rccuc:
473 4257 491 4311 il
507 4261 555 4312 est
569 4259 706 4313 entratne
721 4258 799 4313 dans
814 4259 841 4312 le
856 4258 1019 4314 tourhillon
1039 4261 1079 4314 od
1099 4259 1119 4314 il
1139 4261 1213 4316 s’est
1231 4260 1384 4316 volentei-

271 4359 390 4410 rement
405 4355 524 4411 lance...
542 4355 565 4410 11
584 4359 631 4410 est
646 4357 760 4411 certain
771 4358 883 4424 qn'une
892 4355 951 4425 sois
961 4354 1079 4428 qu’eltes
1094 4357 1146 4412 ont
1156 4372 1229 4424 recu
1243 4373 1287 4411 un
1297 4373 1382 4412 com-

272 4453 463 4508 menccment
477 4451 678 4518 d’ectcution,
694 4451 723 4508 lo
731 4451 860 4526 plupart
878 4453 915 4508 de
929 4469 984 4508 nos
1003 4452 1119 4510 actions
1130 4454 1315 4529 produisent
1328 4447 1380 4512 *des

270 4547 355 4622 effeta
367 4549 420 4622 qui
434 4531 472 4605 ne
487 4565 563 4605 norm
577 4549 902 4624 apparticnocntplue.
919 4569 931 4602 i
1009 4559 1011 4564 ·
1036 4573 1038 4578 ·
