3680 5612
893 698 1070 758 -lsa-

201 843 285 899 nnn
477 833 569 906 Haec
585 831 623 905 in
638 831 770 928 primis
789 831 890 906 mala
908 829 1194 928 periculosaque
1213 831 1250 904 in
1268 831 1377 925 libre,
1395 832 1440 905 de
1454 852 1531 926 quo

149 949 345 999 ¹²¹³¹³¹⁰U¹⁴⁰³A
428 956 582 1051 agitur;
606 955 764 1053 ideoque
790 956 925 1055 fusius
948 957 1221 1049 tractavimus;
1247 963 1337 1030 sunt
1363 963 1401 1029 et
1430 977 1535 1052 quee-

428 1081 530 1174 dnm,
551 1081 677 1156 minus
701 1082 832 1174 gravia
859 1081 1060 1177 minusque
1085 1081 1268 1174 nocitura,
1296 1088 1335 1155 at
1362 1081 1534 1156 nocitura

428 1213 556 1280 tamen
573 1227 583 1298 ;
604 1206 649 1279 de
668 1206 714 1280 iis
733 1201 890 1278 breuius
909 1205 1174 1301 disquiremus.

219 1352 267 1407 uc
475 1333 556 1404 lam
574 1337 687 1405 antea
703 1329 952 1405 indicavimus
971 1331 1071 1428 apud
1084 1330 1276 1405 Goethium
1291 1352 1366 1404 non
1379 1331 1532 1405 omnino

192 1461 291 1506 unm
428 1455 706 1529 ineluctabilem
725 1475 810 1529 esse
829 1454 895 1529 fati
918 1455 1013 1548 vim,
1041 1456 1217 1551 quamvis
1236 1456 1479 1530 vehementer
1509 1479 1534 1530 a

179 1559 252 1604 ”ss
275 1558 309 1602 Ἦ
429 1580 656 1677 quibusdam
675 1587 827 1676 propter
844 1580 881 1653 id
897 1581 1023 1676 ipsum
1038 1580 1274 1677 vituperatus
1288 1581 1354 1674 sit3
1376 1580 1533 1678 scripto-

429 1725 584 1800 remque
605 1705 903 1778 monstravimus
922 1725 1076 1778 summa
1094 1726 1186 1778 cura
1208 1704 1466 1800 providentem
1488 1727 1535 1778 ne

429 1831 516 1925 quid
535 1829 827 1927 reprehendendi
845 1828 1000 1902 liaberet
1019 1829 1082 1902 illa
1101 1849 1173 1903 sua
1186 1849 1274 1903 cum
1295 1830 1474 1904 chemicis
1489 1830 1536 1925 (si

429 1954 603 2049 equidem
626 1953 692 2028 tali
710 1952 825 2029 verbo
850 1954 904 2027 uti
926 1952 1086 2050 possim)
1112 1953 1360 2030 affinitatibus
1383 1975 1537 2052 compa-

429 2079 537 2154 rati0.
797 2157 799 2162 ,

476 2203 546 2278 Sed
565 2205 707 2312 saepius
725 2203 866 2278 inutilis
885 2224 977 2277 cura
995 2203 1211 2298 inutilisque
1235 2203 1429 2300 scriptoris
1447 2225 1532 2301 pro-

428 2328 592 2403 videntia
620 2328 718 2403 luit:
753 2349 843 2402 nam
876 2327 1065 2412 interdum
1096 2335 1202 2402 tanta
1232 2334 1290 2403 est
1320 2328 1464 2404 sativis
1496 2335 1534 2402 et

428 2452 609 2550 potentia,
631 2459 735 2526 tanto
754 2452 954 2526 Eduardus
972 2459 1009 2526 et
1028 2451 1154 2526 Ottilia
1184 2473 1313 2526 amore
1337 2453 1536 2549 impellun-

430 2584 503 2668 tur,
526 2583 568 2650 ut
590 2597 660 2652 nos
683 2598 828 2669 eorum,
851 2598 936 2672 quae
955 2577 1060 2674 prius
1079 2577 1325 2650 declaraverit
1343 2577 1529 2668 cethius,

430 2701 546 2792 obliti,
566 2700 657 2775 illud
675 2700 799 2775 solum
825 2701 1079 2792 attendamus,
1105 2700 1200 2792 latu,
1222 2721 1298 2796 quo
1321 2702 1532 2775 Goethianae

429 2845 602 2924 personae
620 2827 845 2918 trahuntur,
867 2826 900 2900 si
919 2826 1031 2899 medo
1050 2831 1280 2922 potestatem
1299 2847 1412 2900 suam
1431 2847 1537 2899 exer-

431 2971 515 3025 cere
538 2951 708 3047 coeperit,
734 2950 836 3025 nullo
860 2951 973 3024 modo
997 2950 1174 3046 nullaque
1197 2950 1234 3022 vi
1257 2949 1382 3025 resisti
1405 2969 1532 3047 posse.

479 3075 661 3172 Exempla
684 3076 797 3150 huius
820 3075 873 3148 rei
900 3075 973 3149 hcc
1000 3075 1083 3149 loco
1112 3074 1277 3172 proferre
1300 3075 1419 3148 libet:
1449 3097 1537 3149 cum

432 3347 586 3400 summa
608 3347 678 3422 ope
702 3325 931 3415 resistimus,
956 3324 993 3397 id
1017 3347 1065 3396 ec
1088 3321 1216 3398 solum
1243 3331 1371 3397 mente
1397 3347 1531 3422 apere,

433 3455 476 3524 ut
491 3447 636 3522 liberos
653 3471 722 3522 nos
732 3446 998 3546 praebeamus,
1022 3469 1145 3522 norme
1164 3449 1263 3522 hanc
1281 3448 1405 3545 ipsam
1426 3449 1536 3555 liber-

432 3581 551 3648 tatem
570 3594 609 3647 re
630 3595 720 3647 vera
738 3594 813 3646 non
832 3573 1011 3647 exsistere
1030 3573 1193 3647 indicare
1212 3572 1383 3646 videtur?
1404 3597 1423 3644 n
1450 3573 1537 3647 Wie

433 3698 620 3790 thoericht,
642 3697 828 3772 exclamat
847 3697 1058 3789 Eduardus,
1081 3696 1149 3773 das
1168 3697 1532 3789 Unentbehrlichste,

433 3820 763 3919 Nothtcendipste
785 3821 1035 3914 vorsaetzlich,
1061 3821 1218 3914 voreilig
1243 3823 1536 3916 wegzuwerlen,

434 3948 515 4039 das,
537 3969 648 4021 wenn
672 3967 745 4021 uns
766 3947 865 4022 auch
889 3946 954 4020 der
979 3946 1132 4022 Verlust
1155 3946 1326 4040 bedrclrt,
1355 3946 1541 4022 vielleicht

433 4073 532 4146 noch
554 4095 600 4144 zu
625 4071 794 4146 erhalten
819 4092 942 4145 waere.
977 4069 1068 4144 Und
1091 4094 1172 4144 was
1195 4069 1333 4144 selles
1357 4070 1541 4144 missen?
1588 4063 1591 4071 ’

433 4195 549 4269 Doclt
568 4217 661 4280 nur,
689 4194 787 4268 dass
812 4193 885 4268 der
908 4193 1076 4269 Mensclr
1092 4193 1146 4293 ja
1169 4195 1346 4280 sciretne,
1381 4192 1538 4288 wollen,

434 4317 597 4394 rcoehlen
615 4343 666 4393 au
686 4318 853 4393 koennen
873 4344 892 4390 u
916 4321 973 4416 (ll,
995 4319 1102 4414 nvn).

480 4448 588 4538 Item,
610 4467 697 4519 cum
716 4445 841 4521 Ottilia
862 4465 948 4520 esse
967 4445 1054 4518 dicit
1073 4446 1199 4521 nescio
1218 4465 1332 4542 quem
1351 4447 1493 4542 δαίμονα,
1514 4467 1539 4518 a
