3576 5622
708 773 867 833 ..59-

225 909 263 982 A
268 911 294 1006 s
284 905 520 1006 finitutt'bns
560 906 739 980 electivis
777 906 952 1004 explicari
988 905 1179 1001 quomodo
1216 905 1344 979 homi-

226 1055 318 1108 num
339 1033 517 1107 voluntas
538 1039 576 1106 et
601 1032 758 1106 libertas
781 1039 929 1105 naturae
956 1030 1106 1125 legibus
1129 1029 1345 1127 oppriman-

236 1168 309 1233 tur.
322 1157 332 1200 ¹

276 1284 424 1359 Eodem
445 1283 521 1357 iere
551 1290 722 1380 tempore
741 1284 971 1356 Fanucrscus
999 1279 1145 1374 ΒιΕεΕ,2
1165 1280 1221 1353 vir
1240 1280 1343 1355 omni

229 1409 399 1483 doctrina
431 1407 615 1500 cruditus,
648 1407 811 1482 ostendit
841 1407 1053 1502 quomode,
1085 1428 1174 1480 curn
1199 1407 1237 1480 in
1257 1409 1344 1480 Gott-

229 1535 358 1608 thiano
390 1533 484 1608 libro
516 1532 741 1630 cupiditates
765 1532 955 1607 honestati
985 1532 1183 1628 officioque
1212 1533 1344 1606 adver·
1419 1635 1421 1641 .

229 1667 375 1751 santur,
406 1659 616 1734 clarissime
650 1664 834 1755 appareat
860 1657 981 1732 fatum
1018 1679 1095 1730 non
1122 1679 1208 1733 esse
1239 1656 1342 1732 illam

228 1785 472 1880 antiquorum
492 1785 712 1857 Graecorum
746 1789 856 1878 μοῖραν
885 1781 1086 1855 immotam
1112 1788 1150 1855 et
1178 1782 1342 1855 exterio-

226 1931 322 2000 rem,
347 1909 414 1983 sed
440 1907 478 1980 in
498 1906 591 2004 ipsis
611 1906 810 1980 hominurn
832 1907 1024 1982 mentibus
1042 1906 1217 1981 insidere.

279 2033 416 2108 Paucis
444 2033 558 2106 modo
586 2031 713 2106 verbis
737 2035 926 2106 Hannrcus
949 2033 1058 2106 Kunz
1082 2031 1234 2129 exponit
1252 2031 1340 2126 quid

228 2161 309 2256 ipse
335 2158 381 2230 de
413 2156 613 2231 Goethiano
643 2156 737 2229 libro
764 2156 933 2248 sentiat3
966 2163 1075 2253 putat
1109 2156 1210 2230 enim
1243 2157 1342 2230 hanc

228 2286 356 2359 tictam
391 2283 588 2358 historiam
629 2281 767 2356 Goethii
801 2303 941 2379 opere,
982 2283 1083 2377 quod
1120 2281 1342 2358 Guilelmus

228 2407 404 2483 Meister
438 2407 670 2499 inscribitur,
708 2408 820 2501 longe
845 2414 1051 2504 praestare,
1077 2408 1144 2482 sed
1167 2407 1281 2483 nimis
1304 2408 1342 2481 in
1463 2495 1466 2502 ,

228 2531 385 2606 docendi
410 2530 596 2605 rationem
630 2530 707 2604 labi
731 2531 954 2629 scriptorem
978 2539 1093 2627 atque
1122 2532 1159 2604 in
1183 2531 1343 2606 materia

228 2657 399 2751 eligenda
420 2657 574 2730 omnino
594 2653 823 2731 erravisse.⁸

276 2786 510 2857 Hanunnuus
543 2784 688 2874 Knuen,
716 2781 1028 2875 Altenburgensis
1047 2781 1254 2878 professor,
1277 2781 1341 2876 qui

212 2893 396 2982 fibellum
420 2906 570 3003 scripsit
597 2905 776 2981 omnibus
799 2906 863 3002 qui
887 2905 1086 2980 Germanis
1105 2905 1239 2980 litteris
1262 2914 1343 2980 stu-

227 3034 317 3107 dent
337 3031 613 3128 gratissimum,
637 3031 725 3105 dicit
743 3031 806 3104 illo
825 3053 952 3129 opere,
979 3031 1080 3128 quod
1104 3031 1242 3106 eximia
1261 3038 1342 3105 arte

226 3160 411 3255 scripturn
441 3157 507 3250 sit,
537 3158 740 3232 monstrari
769 3157 960 3252 quomodo
984 3157 1063 3230 vita
1091 3163 1129 3230 et
1156 3155 1344 3232 honestis·

227 3284 328 3358 sirna
365 3290 411 3356 et
441 3282 727 3376 elegantissima
765 3289 803 3355 et
834 3281 1058 3357 beatissima
1094 3281 1338 3374 disturbetur,

227 3408 292 3482 ubi
311 3429 463 3482 morum
488 3415 604 3503 atque
624 3408 884 3482 institutorum
908 3415 1126 3482 nostrorum
1150 3413 1342 3504 praecepta

226 3533 490 3628 neglegantur.
507 3531 520 3574 ⁴

275 3659 488 3735 Gurunnnus
520 3658 708 3751 Serranae,
742 3657 780 3731 in
808 3657 1032 3755 compendio
1066 3658 1167 3754 quod
1197 3682 1222 3734 a
1250 3659 1341 3732 Ger-

262 3915 269 3952 ¹
289 3914 464 3972 Gcechlchte
487 3914 542 3971 der·
556 3914 719 3972 deutschen
741 3915 910 3972 Liltcrnlur
928 3915 1002 3971 oder
1021 3913 1076 3971 der
1095 3913 1341 3990 smack-Dicht-

225 4012 292 4068 und
305 4011 480 4069 Redelcunst
492 4013 547 4069 der
562 4011 746 4082 Deulscheu‚
762 4013 905 4077 Berolini,
922 4025 1125 4077 uncccxtm,
1142 4029 1172 4084 p.
1187 4014 1251 4072 630.

259 4109 457 4166 ¹Houdhuch
478 4111 533 4166 der
548 4109 722 4167 Gccchichte
740 4111 796 4167 der
810 4109 973 4167 deutschen
991 4109 1340 4180 Namnet-litterator,

225 4208 369 4270 Berolini‚
387 4219 585 4275 nneouxuvn
602 4223 632 4277 p.
647 4207 781 4264 482-484.

260 4303 448 4376 ³Ler'lsoden
474 4321 533 4360 eur
559 4303 732 4361 Gcschichte
760 4305 815 4360 der
843 4303 1006 4360 deutschen
1038 4303 1219 4372 Litterutur,
1248 4308 1341 4365 editio

227 4406 346 4472 quarta,
363 4403 485 4472 Lipsiae,
502 4415 713 4470 uncocuxxn,
731 4418 759 4472 p.
775 4401 839 4459 263.

263 4498 464 4556 *Geechichtc
487 4499 542 4556 der
565 4499 727 4556 deutschen
762 4497 1104 4566 Natiolum-Littamum
1133 4503 1227 4560 editio
1255 4508 1341 4560 sexta

229 4599 358 4667 decima,
375 4599 567 4671 Altenburgi,
583 4611 813 4667 unoccnxxxv,
830 4577 859 4669 p.
876 4599 937 4657 163.

1477 1305 1576 1364 Brnen
