3576 5622
687 801 843 859 ..49-

209 935 245 1008 id
269 941 525 1025 consecretur,
560 934 661 1028 quod
691 933 890 1008 Christiani
917 934 963 1005 de
993 933 1221 1006 matrimonii
1245 933 1320 1007 ins-

210 1060 321 1134 tituto
342 1059 520 1133 sentiunt.
535 1057 546 1100 ¹

259 1186 398 1257 Contra
436 1184 634 1258 Runourus
674 1181 983 1256 1161166111111162
1023 1203 1099 1254 11611
1131 1182 1322 1256 existimat
1379 1200 1631 1258 uorrscmrms

211 1309 404 1382 Goethium
434 1307 506 1382 61111
538 1309 651 1380 finem
682 1308 730 1381 ad
762 1328 889 1381 mores
921 1314 1156 1402 spectantem
1188 1328 1323 1405 propo·

212 1434 348 1507 suisse.
372 1432 425 1506 1111
444 1431 759 1528 praestantissimo
784 1432 990 1505 recentium
1014 1432 1225 1506 litterarum
1248 1433 1322 1506 his·

212 1558 329 1631 161166
349 1557 381 1631 61
400 1557 580 1649 6611111166,
607 1557 849 1630 Gocthianum
870 1577 967 1653 opus
984 1557 1192 1654 perlectum
1212 1557 1325 1631 mori-

213 1681 286 1756 bus
309 1689 423 1777 atque
444 1682 633 1756 honestati
651 1682 705 1754 ita
727 1682 907 1779 prodesse
931 1689 1068 1777 potest,
1095 1683 1193 1758 sicut
1216 1702 1326 1779 cxpe-

214 1807 462 1880 rimentorum
487 1805 761 1880 cotidianorum
785 1807 984 1903 descriptio
1006 1829 1017 1900 ;
1042 1815 1154 1903 poeta
1182 1815 1324 1900 tamen,

213 1931 394 2027 quidquid
418 1934 616 2006 Diinzerus
641 1933 798 2027 eiusque
821 1931 914 2007 socii
938 1932 982 2006 de
1012 1933 1083 2006 hac
1114 1953 1154 2006 re
1186 1933 1326 2026 dicunt,

213 2056 316 2130 nullo
359 2057 473 2129 modo
512 2057 743 2130 matrimonii
780 2057 1103 2132 consecrationem
1143 2065 1180 2131 ct
1219 2059 1330 2153 quasi

221 2165 392 2253 Ἀποθέοσιν
408 2181 557 2254 efficere
577 2182 706 2255 voluit.
730 2185 770 2255 ln
789 2182 853 2256 illa
873 2183 961 2256 ficta
974 2183 1133 2258 historia
1152 2182 1211 2255 lex
1227 2203 1330 2278 quae-

215 2307 305 2380 dam
318 2305 519 2398 ι6116161611
532 2307 661 2402 imago
673 2308 714 2380 fit
729 2308 1035 2382 coniunctionum
1047 2308 1326 2382 humanarum:

216 2431 350 2504 eadem
386 2431 453 2505 fati
491 2433 713 2524 6666661166,
741 2453 818 2527 qua
853 2453 914 2506 166
949 2439 1096 2507 11616166
1129 2440 1326 2526 reguntur,
1431 2465 1434 2474 ⁴

216 2577 278 2630 res
309 2556 414 2654 ipsas
447 2557 637 2631 humanas
670 2556 881 2649 gubernare
916 2564 1030 2653 atque
1064 2556 1213 2652 legibus
1249 2557 1330 2631 suis

217 2681 417 2755 reconditis
437 2689 475 2754 et
493 2681 641 2756 arcanis
661 2681 776 2756 etiam
791 2682 988 2790 hominum
1012 2691 1180 2756 mentem
1204 2683 1330 2756 devin-

217 2806 291 2878 cire
322 2805 481 2878 videtur.
509 2807 714 2898 Immerito,
745 2814 788 2880 ut
818 2809 871 2880 ait
901 2807 1169 2900 Gottschallus,
1203 2808 1332 2880 116111-

218 2951 290 3004 nus
305 2930 341 3002 in
358 2937 504 3004 naturae
518 2932 789 3026 hortorumque
801 2931 1004 3029 praelongis
1018 2932 1332 3029 descriptionibus

217 3054 307 3127 nihil
339 3055 440 3128 aliud
468 3055 610 3129 invenit
632 3056 703 3130 nisi
727 3077 886 3130 suavem
915 3064 953 3130 et
976 3057 1180 3131 iucundam
1204 3079 1333 3132 narra·

218 3181 374 3271 tionem,
412 3187 613 3276 poetarum
643 3203 748 3254 more
777 3182 1037 3278 interpositam
1065 3182 1113 3256 ad
1145 3182 1333 3258 sedandos

219 3304 425 3397 legentium
449 3306 598 3380 animos
619 3313 723 3380 tanto
743 3307 992 3402 cupiditatum
1011 3308 1144 3381 ardore
1164 3329 1334 3381 commo·

219 3435 292 3502 tos.
312 3431 463 3523 Contra,
487 3431 559 3503 illae
579 3431 849 3527 descriptiones
867 3433 1020 3505 maximi
1041 3440 1130 3506 sunt
1150 3433 1333 3506 momenti

220 3561 258 3626 et
277 3553 452 3650 ponderis
474 3576 484 3646 ;
512 3555 629 3628 voluit
655 3557 755 3629 enim
780 3557 953 3630 Goethius
975 3558 1110 3631 audaci
1133 3558 1195 3632 illa
1226 3557 1334 3631 dissi-

221 3679 487 3753 miliitudinum
528 3681 788 3755 coniunctione
835 3683 1094 3756 demonstrare
1140 3684 1333 3756 hominem

220 3824 304 3878 esse
323 3805 555 3879 naturalium
575 3826 701 3879 rerum
719 3804 938 3900 dominum,
955 3830 1112 3882 servum
1125 3828 1228 3900 vero,
1246 3829 1334 3882 cum

220 3928 401 4004 derebus
426 3931 542 4003 animi
566 3937 716 4025 agatur.
744 3933 836 4016 Quae
860 3949 1044 4025 germana
1072 3932 1336 4008 acerbissima·

223 4074 295 4148 que
321 4055 442 4129 ironia
463 4062 541 4128 toto
557 4055 650 4129 libro
671 4056 723 4129 ita
742 4057 953 4131 continetur
972 4065 1014 4131 ut
1032 4058 1178 4131 nullum
1199 4058 1336 4132 Goethii

220 4199 317 4274 opus
349 4180 488 4254 clarius
515 4181 717 4277 patefaciat
745 4181 833 4276 quid
862 4181 933 4256 sibi
952 4184 1188 4280 proposuerit
1207 4189 1332 4280 poeta.

253 4437 262 4472 ⁴
282 4436 327 4493 Ci.
344 4435 469 4503 Ibidem,
487 4453 516 4508 p.
533 4437 601 4496 463:
619 4458 632 4492 1
649 4437 769 4496 Goernes
783 4437 1073 4497 teusctesretteder.
1092 4459 1105 4492 1

254 4533 588 4594 'Nationattitteratur
607 4537 658 4593 dcc
677 4537 892 4596 nonnaehnten
911 4536 1151 4602 Jatrtunuerts,
1171 4550 1193 4608 1,
1214 4553 1244 4610 p.
1265 4538 1334 4595 143-

222 4631 283 4689 145.
