3576 5622
170 2303 345 2362 Gonnum

215 2415 302 2460 nram

148 2503 362 2560 Lnunnronss

160 2919 348 2982 Kunnnnrus

146 3420 231 3478 VOSS
247 3432 365 3481 suumn

924 807 1082 865 ..43-

493 942 586 1024 Quae
611 941 738 1014 omnia
763 938 828 1013 tibi
853 949 982 1038 aperte
1007 940 1268 1015 demonstrant
1296 947 1440 1035 quanta
1469 940 1558 1014 reli-

445 1065 555 1158 gione
575 1073 698 1162 poetae
718 1064 885 1160 aequales
903 1065 1028 1140 allecti
1048 1065 1135 1158 sint,
1155 1065 1218 1139 ubi
1232 1066 1372 1140 exstitit
1388 1065 1482 1139 liber
1494 1066 1558 1162 qui

444 1187 693 1288 Affinitates
723 1190 902 1264 electivae
935 1190 1160 1266 inscribitur.
1197 1191 1346 1264 Etenim
1379 1192 1555 1288 perpauci

445 1322 595 1388 tantum
614 1315 728 1389 critici
753 1315 868 1390 libere
888 1316 1059 1390 dixerunt
1078 1323 1310 1414 quantopere
1330 1316 1403 1390 sibi
1423 1315 1556 1414 displi-

445 1440 563 1514 cuerit
582 1461 701 1537 opus;
724 1442 844 1515 maior
867 1449 997 1516 autem
1022 1450 1081 1517 est
1110 1463 1243 1516 eorum
1271 1463 1455 1516 numerus
1492 1441 1556 1536 qui

445 1566 560 1638 animi
573 1565 844 1640 dubitationem
860 1567 1046 1640 ueletiam
1058 1567 1355 1660 indignationem
1372 1566 1556 1641 celavisse

444 1691 629 1784 videntur,
652 1713 738 1786 quae
757 1713 803 1766 ne
828 1692 1091 1766 venustatibus
1115 1691 1267 1788 quidem
1288 1691 1404 1766 totius
1430 1691 1555 1789 operis

445 1814 522 1888 tolli
538 1824 735 1913 poterant3
757 1825 836 1890 tam
849 1817 1064 1894 communis
1078 1825 1159 1891 erat
1170 1817 1266 1889 inter
1278 1817 1452 1891 homines
1469 1817 1555 1890 doc-

444 1947 505 2014 tos
523 1947 662 2033 metus,
685 1963 732 2014 ne
749 1942 853 2035 liber,
871 1943 1007 2038 dequo
1027 1942 1262 2035 disserimus,
1275 1941 1446 2016 moribus
1459 1941 1555 2037 peri-

444 2065 573 2140 culum
596 2067 775 2141 afferret!
819 2073 821 2078 '

491 2289 669 2362 Attamen
690 2289 803 2361 'inter
839 2288 1000 2363 aliorum
1028 2289 1129 2363 acria
1160 2288 1296 2362 iudicia
1328 2295 1365 2362 et
1393 2287 1554 2361 aliorum

444 2411 636 2486 silentium
654 2415 858 2488 audiuntur
878 2413 1091 2506 singulares
1114 2413 1290 2510 quaedam
1310 2412 1443 2488 laudes
1467 2433 1555 2510 ope-

444 2537 495 2614 ris
514 2538 614 2613 illius
638 2540 714 2615 acri
739 2539 942 2634 subtilique
965 2539 1116 2632 ingenio
1140 2539 1193 2613 sic
1218 2539 1255 2610 in
1286 2538 1395 2635 peius
1423 2537 1554 2611 diiudi-

444 2664 530 2738 cati.
553 2665 680 2738 Verba
698 2666 812 2757 enirn,
839 2664 977 2759 quibus
1000 2667 1110 2739 Cotta
1128 2663 1267 2736 librum
1295 2663 1333 2734 in
1360 2663 1552 2759 publicum

444 2788 631 2880 edendum
655 2789 809 2883 extollit,
835 2789 949 2887 paulo
974 2796 1061 2886 post
1086 2789 1358 2862 confirmantur
1379 2788 1552 2886 opinione

442 2915 791 3006 Knnnnn11,Goethii
814 2915 938 3007 amici,
961 2915 1025 3011 qui
1049 2913 1183 3012 prioris
1212 2913 1331 3010 partis
1355 2913 1551 2988 scientiam

442 3039 580 3133 ingenii
618 3040 774 3116 humani
810 3040 1002 3136 praedicat,
1032 3061 1118 3134 quae
1151 3038 1314 3112 multum
1340 3039 1466 3113 valeat
1503 3038 1551 3112 ad

442 3185 570 3239 mores
590 3164 869 3240 emendand0s¹
882 3187 892 3259 ;
913 3164 1069 3239 alterius
1093 3173 1223 3238 autem
1247 3163 1366 3260 partis
1394 3183 1550 3259 gravem

442 3297 724 3385 augustamque
745 3291 1053 3386 tranquillitatem
1073 3288 1248 3363 laudatl.

489 3415 621 3510 Neque
640 3415 748 3488 aliter
765 3418 958 3490 Jounnnns
977 3418 1164 3489 Hernicus
1183 3417 1294 3506 Voss
1316 3413 1426 3488 annis
1437 3421 1549 3509 atque

440 3539 648 3617 honoribus
663 3540 843 3637 locuples
861 3561 1048 3637 propenso
1063 3540 1190 3614 animo
1206 3559 1348 3612 novum
1365 3560 1463 3635 opus
1482 3559 1549 3611 ex-

440 3665 550 3762 cepit,
565 3687 653 3739 cum
664 3687 709 3738 ex
724 3666 916 3761 scriptoris
928 3666 1085 3756 fervore,
1103 3685 1217 3759 quem
1231 3663 1270 3735 in
1281 3670 1338 3737 tot
1348 3662 1551 3738 illiustem-

438 3791 541 3888 poris
560 3791 710 3889 scriptis
729 3791 979 3883 desiderabat,
993 3811 1187 3866 summam
1207 3789 1377 3864 laetitiam
1397 3789 1547 3887 ceperit.

472 4078 481 4112 ⁴
500 4096 513 4129 r
532 4073 590 4131 Die
608 4075 721 4132 etbisclt
740 4073 896 4132 wirlcende
915 4073 1243 4130 Menoetenkonntniss
1260 4071 1312 4128 des
1335 4069 1552 4143 Vcrfassers.»

471 4175 608 4232 ‘rWas
627 4176 684 4231 soll
704 4177 752 4232 ich
773 4191 810 4231 zu
825 4177 879 4232 der
894 4175 1039 4230 solroenen
1054 4173 1176 4230 Novelle
1196 4172 1317 4243 sagen‘?
1337 4173 1398 4228 und
1414 4174 1495 4228 dann
1515 4186 1552 4226 zu

436 4275 490 4330 der
512 4273 695 4348 cohauriqen
719 4271 817 4344 Ruta,
841 4289 878 4328 zo
902 4273 956 4328 der
980 4273 1028 4329 die
1048 4273 1231 4328 Gesohichte
1259 4283 1358 4341 gegen
1383 4271 1440 4326 das
1465 4269 1551 4326 Ende

436 4372 554 4444 steigi?
569 4373 611 4428 Es
625 4373 665 4427 ist
680 4387 750 4436 neu,
767 4373 828 4428 und
844 4373 922 4428 doch
939 4369 1028 4425 waler
1041 4370 1103 4425 und
1119 4366 1316 4442 vortrefflicd.
1332 4369 1388 4424 Mlt
1403 4367 1552 4424 walchem

438 4473 527 4542 Auge
542 4473 612 4528 hast
626 4471 675 4527 Du
689 4471 737 4526 dle
752 4471 921 4526 Menschen
931 4470 993 4526 und
1009 4469 1107 4540 Dinge
1120 4468 1254 4539 geschen
1265 4467 1304 4521 i»
1321 4463 1496 4532 (Kncbelius
1512 4465 1553 4522 ad

438 4568 604 4641 Goetlrium,
616 4583 696 4625 anno
711 4580 854 4627 uuoomx
869 4571 1019 4636 exeunte).
1443 4559 1446 4565 ’
