3654 5644
773 740 929 800 -63-

293 873 352 946 lex
372 879 409 947 et
427 874 537 969 quasi
557 876 644 950 vitae
665 941 672 968 ι
699 895 835 950 norma
862 873 971 966 'fuit
994 893 1111 970 quam
1132 872 1307 949 Goethius
1334 873 1407 947 sibi

294 999 540 1097 imposuerat.
569 1003 624 1075 Ex
641 1022 716 1096 quo
744 1000 892 1074 facilius
915 999 1209 1093 intellegendum
1228 1005 1288 1073 est
1307 998 1406 1073 unde

295 1131 379 1198 orta
392 1124 442 1200 sit
460 1127 596 1220 ingens
614 1127 828 1200 Germanici
847 1133 982 1223 poetae
1002 1125 1210 1200 auctoritas
1229 1131 1266 1198 et
1286 1125 1406 1200 virtus

294 1251 461 1345 egregia.
485 1252 642 1326 Constat
662 1252 762 1325 enim
782 1273 885 1344 eum,
898 1251 963 1346 qui
982 1249 1047 1324 tali
1058 1250 1132 1344 legi
1147 1257 1292 1347 pareat,
1309 1251 1406 1324 mira

294 1376 461 1471 quadam
481 1377 638 1451 scicntia
657 1377 871 1474 percepisse
891 1375 1129 1450 condiciones
1147 1376 1235 1449 vitae
1266 1375 1406 1451 nostris

295 1501 446 1597 quidem
482 1503 717 1599 temporibus
747 1502 907 1597 agendae
940 1509 1054 1597 atque
1101 1501 1248 1576 vivendi
1283 1508 1405 1576 artem

294 1626 436 1722 optime
455 1628 693 1720 cognovisse.

341 1751 399 1824 Ab
418 1752 568 1826 Alfredo
601 1751 775 1826 Mezierio
808 1752 918 1826 valde
952 1751 1124 1828 dissentit
1156 1755 1202 1826 A.
1223 1755 1402 1845 Bossrnr,

292 1898 380 1951 cum
392 1884 500 1973 putet
517 1878 717 1952 Goethiano
731 1877 825 1952 libro
842 1877 1071 1951 matrimonii
1086 1877 1231 1951 colendi
1246 1898 1405 1952 causam

292 2001 354 2095 agi
373 2009 488 2096 atque
506 2008 661 2100 poetam
681 2010 718 2076 et
736 2003 928 2100 perlongis
943 2002 1095 2076 Mittleri
1113 2002 1354 2078 sermonibus
1369 2010 1407 2077 et

292 2127 402 2200 firmo
417 2127 593 2202 Carlottae
608 2129 744 2202 iudicio
765 2136 803 2202 et
814 2128 950 2203 Ottiliae
970 2129 1194 2202 verecundia
1212 2128 1406 2224 proboque

293 2252 420 2325 animo
439 2253 478 2324 in
493 2254 618 2327 lucem
640 2253 842 2350 protulisse
865 2253 1019 2349 quidde
1044 2252 1107 2327 illo
1130 2254 1303 2328 instituto
1323 2275 1408 2329 sen-

293 2377 397 2450 serit.
427 2379 523 2450 dum
551 2381 719 2472 Bossert,
752 2378 851 2451 idem
884 2377 985 2474 quod
1021 2379 1219 2453 Mezierius
1252 2379 1404 2471 fecerat,

294 2502 479 2575 rationem
508 2503 677 2596 fatalem,
712 2524 788 2598 qua
816 2507 1022 2578 Hcttnerus
1053 2503 1243 2598 utebatur,
1276 2503 1408 2579 callide

294 2626 454 2721 mitiget,
472 2628 624 2703 criticus
644 2628 704 2701 ille
719 2629 1062 2725 praestantissimus
1073 2629 1346 2723 Francogallus
1361 2629 1409 2704 ad

292 2753 430 2826 Goethii
451 2753 572 2848 ipsius
591 2755 819 2859 sententiam
831 2755 1001 2852 proxime
1021 2755 1230 2830 accessisse
1245 2755 1405 2830 videtur.

293 2903 313 2947 «
342 2880 423 2951 Une
449 2885 550 2952 sorte
570 2879 616 2952 de
634 2876 849 2977 sotnlisme
868 2880 1023 2976 modyn,
1044 2879 1178 2975 inquit,
1196 2879 1338 2977 repand
1357 2903 1409 2954 un

291 3003 446 3076 charme
466 3004 697 3098 mystdrieux
710 3025 777 3078 sur
796 3004 829 3077 le
845 3004 948 3078 recit.
965 3005 1135 3079 Derriero
1148 3026 1213 3080 ces
1231 3012 1407 3104 rapports

291 3148 384 3202 sans
405 3149 513 3203 cesse
534 3129 655 3203 nouos
675 3136 712 3202 et
732 3130 912 3221 dduouds,
935 3151 984 3203 on
1004 3131 1188 3204 entrevoit
1209 3154 1260 3204 nn
1278 3128 1328 3202 de
1343 3153 1406 3204 ces

284 3249 511 3350 probltmes
526 3254 596 3351 qni
609 3261 817 3353 romonent
830 3250 1011 3327 l'homrne
1027 3277 1081 3328 ou
1097 3253 1251 3328 dedans
1266 3252 1317 3327 de
1331 3252 1408 3329 tot-

292 3383 417 3449 mente
436 3384 473 3449 et
491 3375 551 3450 tur
568 3378 659 3476 font
671 3379 900 3476 pressentr‘r
916 3376 973 3450 les
994 3375 1094 3453 tiens
1115 3381 1185 3478 qni
1200 3377 1407 3453 l'unr'csent

292 3498 631 3574 ot'oniverson'ce
645 3499 715 3574 des
735 3500 869 3575 choses
892 3528 925 3576 ».
945 3502 956 3544 ¹

341 3626 549 3719 Frnuunr,2
571 3627 888 3723 praeclarissimus
912 3628 1177 3722 Lugdunensis
1201 3613 1404 3726 professor,

292 3751 368 3846 qui,
391 3751 430 3823 in
449 3751 573 3825 libello
593 3773 665 3826 suo
696 3753 741 3825 de
761 3752 909 3828 Goethio
940 3753 1169 3850 composito,
1193 3776 1268 3829 non
1292 3764 1407 3850 negat

292 3896 334 3950 se
369 3874 536 3949 maxime
570 3876 748 3950 admirari
782 3876 948 3951 Ottiliam
986 3900 1109 3974 neque
1129 3880 1286 3955 minoris
1320 3902 1406 3955 eam

293 3999 484 4074 aestimare
503 4021 648 4096 quam‘
676 3999 848 4098 Mr'pnon
885 4001 893 4024 ’
925 4001 984 4075 vel
1021 4001 1349 4101 ‘Morpuretom
1378 4009 1403 4100 ',

293 4125 478 4199 moralem
499 4133 626 4200 tamen
646 4127 897 4221 quaestionem
917 4149 964 4200 ne
985 4128 1106 4222 agitat
1125 4129 1291 4224 quidem.

324 4410 334 4445 ⁴
351 4406 454 4466 Goetlrc
467 4412 495 4466 ct
510 4407 650 4476 Sctittcr,
667 4413 760 4469 editio
775 4413 921 4478 secunda,
939 4425 1175 4482 unooonxxxn,
1192 4431 1222 4485 p.
1239 4415 1301 4474 390.

325 4505 465 4574 ¹Goetn0,
477 4507 605 4566 Lutetiae
621 4509 818 4578 Parisiorum,
836 4523 1069 4576 nncoonxxxx,
1087 4526 1116 4582 p.
1134 4512 1196 4570 171.
