3640 5620
186 956 382 1014 Hnrrnnnus

945 827 1101 886 ‚44-

516 961 665 1032 Novam
684 966 813 1034 autem
834 960 1059 1034 diiudicandi
1082 961 1267 1034 rationem
1292 961 1447 1055 protulit
1472 964 1579 1035 Hun-

468 1107 617 1159 unnnus
643 1085 899 1180 Hnrrnnnus¹‚
925 1087 989 1182 qui
1013 1087 1078 1160 lati
1102 1086 1382 1158 necessitatem
1411 1087 1581 1161 conside-

468 1211 577 1303 ravit,
621 1232 706 1306 quae
747 1212 929 1309 proximis
969 1211 1108 1286 criticis
1154 1232 1319 1285 summae
1361 1213 1428 1285 luit
1478 1233 1580 1286 curae

468 1357 629 1431 quaeque
659 1335 751 1408 mihi
784 1337 855 1431 ipsi
891 1337 939 1410 ad
971 1337 1159 1410 Gnethiani
1198 1336 1322 1433 operis
1355 1337 1576 1430 dignitatem

468 1461 651 1534 moralem
670 1461 807 1536 melius
821 1461 1124 1555 cognoscendam
1141 1461 1297 1535 maximi
1312 1462 1379 1535 erit
1394 1464 1576 1536 momenti

468 1591 505 1657 et
523 1585 711 1682 ponderis,

515 1711 833 1786 praeclarissimus
856 1712 956 1784 enim
981 1711 1112 1785 saeculi
1141 1711 1435 1786 duodevicesimi
1460 1713 1577 1786 histo·

471 1836 570 1910 ricus
593 1837 663 1909 sibi
687 1838 876 1934 persuasit
899 1835 1006 1928 libre,
1029 1838 1093 1931 qui
1112 1837 1150 1909 A
1156 1834 1363 1934 ffinitates
1386 1835 1579 1910 electivae

466 1961 692 2052 inscribitur,
728 1963 912 2035 rationem
945 1969 1059 2056 atque
1092 1961 1308 2059 exemplum
1337 1961 1578 2056 antiquarum

466 2087 687 2158 Graecarum
701 2087 975 2180 tragoediarum
990 2093 1185 2161 servatum
1200 2107 1297 2160 esse.
1313 2087 1409 2160 Dicit
1422 2108 1496 2160 non
1512 2088 1580 2158 mi-

466 2231 596 2282 norem
616 2213 880 2284 auctoritatem
902 2213 1102 2286 Goetlriano
1122 2212 1159 2283 in
1179 2211 1273 2284 libro
1298 2210 1437 2285 habere
1460 2211 1580 2284 latum

466 2356 581 2429 quam
596 2336 632 2407 in
644 2336 808 2430 AEsclryli
820 2343 856 2409 et
870 2336 1228 2431 Sophoclisiabulis;
1241 2337 1318 2410 iam
1330 2338 1481 2410 ineunte
1493 2338 1581 2410 licta

467 2459 622 2534 historia
642 2460 831 2553 legentem
855 2462 1053 2535 certiorem
1081 2458 1160 2535 fieri
1181 2461 1346 2536 Eduardi
1370 2468 1407 2534 et
1431 2461 1579 2536 Ottiliae

467 2605 638 2657 amorem
657 2586 760 2658 nulla
779 2586 922 2659 ratione
935 2587 1261 2684 comprimendum
1282 2607 1379 2662 esse.
1393 2587 1576 2678 Nectitur,

467 2711 599 2805 inquit,
613 2711 749 2783 iabulae
769 2712 891 2785 nodus
907 2713 1070 2786 Eduardi
1089 2734 1178 2786 cum
1191 2712 1357 2786 Carlotta
1376 2719 1576 2804 conventu,

467 2857 542 2929 quo
555 2835 680 2909 scelus
694 2837 944 2910 commissum
960 2859 1045 2910 esse
1057 2838 1114 2912 sol
1130 2838 1254 2911 oriens
1269 2837 1402 2910 docere
1417 2837 1577 2910 videtur.

466 2961 690 3033 Germanico
703 2961 880 3035 historico
894 2963 926 3035 si
938 2963 1082 3054 credere,
1097 2963 1221 3058 pusilli
1235 2963 1305 3036 soli
1315 2969 1430 3057 atque
1443 2961 1582 3034 infirmi

466 3107 572 3179 paene
593 3087 708 3158 critici
722 3087 818 3159 hanc
832 3086 1122 3183 descriptionem
1142 3088 1315 3183 scriptori
1324 3087 1415 3160 vitio
1435 3094 1582 3159 vertere

465 3217 681 3306 potuerunt.
723 3211 901 3306 Quisquis
932 3219 1062 3285 autem
1100 3216 1225 3309 operis
1262 3211 1461 3286 cuiusdam
1499 3217 1582 3284 arte

466 3334 623 3406 conlecti
643 3335 816 3408 intimam
839 3337 949 3431 quasi
977 3337 1293 3431 compositionem
1320 3344 1435 3431 atque
1463 3341 1580 3408 natu-

467 3481 549 3531 ram
572 3460 837 3556 penetraverit,
860 3462 1052 3556 intelleget
1071 3463 1175 3536 illam
1199 3462 1326 3558 ipsios
1346 3461 1455 3534 artis
1468 3481 1580 3557 prcc-

468 3585 595 3681 ceptis
600 3582 824 3680 postulari.
838 3589 928 3670 Quae
942 3588 1035 3661 artis
1047 3610 1151 3680 cura,
1162 3595 1202 3659 ut
1215 3586 1343 3661 scribit
1356 3588 1577 3677 HcttneruS,

468 3709 644 3782 omnibus
664 3708 813 3784 virtutis
829 3712 1099 3804 magistrorum
1123 3711 1442 3809 praeceptionibus
1467 3712 1580 3802 longe

466 3840 647 3929 praestare
671 3834 793 3907 debet.
821 3837 1019 3910 Goetlriano
1045 3838 1083 3909 in
1105 3837 1212 3928 libre,
1234 3837 1367 3931 inquit,
1391 3834 1580 3908 contentio

466 3959 561 4031 inter
580 3960 808 4032 matrimonii
824 3961 1043 4056 religionem
1064 3970 1101 4036 et
1115 3970 1262 4036 naturae
1288 3981 1423 4033 vocem
1445 3958 1583 4055 mapis

466 4084 675 4180 mcpr'sque
697 4086 856 4160 crescit.
874 4089 960 4160 Jam
985 4109 1107 4182 neque
1134 4087 1281 4159 vivendi
1301 4091 1584 4182 praeceptorum

466 4229 541 4299 ara,
569 4229 689 4303 neque
723 4211 919 4284 doctorum
953 4213 1148 4285 rhetorum
1182 4216 1374 4308 praecepta
1414 4216 1451 4283 et
1480 4209 1587 4301 leges

503 4467 511 4506 ¹
529 4465 701 4522 Gesckicltte
716 4465 770 4522 der
785 4467 947 4523 deutschen
968 4467 1149 4536 litterator,
1168 4481 1218 4535 111,
1235 4467 1264 4531 2,
1280 4467 1329 4524 ed.
1347 4467 1446 4530 tertia,
1467 4465 1585 4522 Bruns-

467 4566 556 4636 vigae,
572 4577 792 4628 uncocnxxrx,
816 4583 845 4636 p.
866 4567 999 4624 525-540.
