3654 5644
907 779 1084 840 -llo-

440 908 546 991 Quod
566 909 789 1004 periculum,
814 918 855 984 ut
875 913 1052 1006 vidimus,
1081 935 1125 986 cx
1146 936 1190 986 eo
1215 920 1339 986 ortum
1360 921 1431 1006 est,
1454 911 1559 1008 quod

441 1033 479 1105 in
500 1033 582 1106 libri
603 1036 776 1130 personis
797 1039 941 1110 eaedem
962 1039 1107 1135 spirant
1126 1061 1170 1113 ac
1190 1040 1316 1132 vigent
1335 1039 1453 1112 animi
1472 1059 1558 1134 per·

441 1159 690 1252 turbationes,
713 1183 799 1256 quae
819 1165 855 1234 in
876 1165 1071 1260 scriptoris
1095 1165 1214 1262 ipsius
1233 1167 1359 1238 animo
1379 1165 1556 1260 spirave-

441 1291 528 1356 runt
547 1305 592 1357 ac
613 1286 825 1378 viguerunt.

489 1411 590 1482 Num
617 1409 731 1502 igitur
755 1411 855 1485 bunc
882 1413 1019 1486 librum
1050 1413 1179 1509 procul
1207 1413 1444 1486 abiciendum
1473 1419 1556 1486 lan-

441 1554 557 1629 quam
580 1535 746 1629 pericula
765 1537 874 1632 plura
893 1539 1124 1634 praebentem
1143 1546 1257 1634 atque
1278 1537 1471 1632 indignum
1491 1538 1555 1632 qui

441 1659 591 1752 legatur
610 1681 813 1736 censemus
832 1667 849 1734 ‘l

493 1786 582 1857 Haec
602 1785 678 1858 lere
699 1787 959 1883 respondenda
979 1788 1089 1863 nobis
1108 1789 1279 1862 videntur
1302 1812 1309 1860 :
1333 1787 1443 1882 siqui
1462 1787 1556 1860 forte

443 1907 502 1980 vel
521 1931 657 2005 parum
678 1911 811 2016 ethicis
830 1913 1106 2007 quaestionibus
1125 1913 1248 1987 idonei
1268 1913 1326 1986 vel
1346 1934 1479 1986 earum
1501 1934 1558 1984 re-

443 2055 543 2124 rum,
573 2055 671 2128 quas
699 2037 808 2110 nobis
837 2037 875 2109 in
903 2037 997 2110 libro
1026 2059 1097 2112 suo
1121 2039 1280 2135 scriptor
1316 2037 1490 2134 proponit
1521 2044 1559 2108 et

444 2157 583 2252 quibus
602 2159 800 2255 pingendis
810 2163 1043 2258 praecipuam
1057 2163 1121 2236 dat
1136 2163 1423 2259 operam‚plane
1437 2161 1559 2254 ignari

443 2282 593 2374 luerint,
612 2285 734 2358 satius
755 2295 870 2378 osset,
888 2287 998 2360 credo
1018 2288 1207 2382 equidem,
1222 2289 1319 2360 banc
1334 2288 1462 2360 lictam
1482 2286 1559 2358 liis-

444 2407 580 2480 toriam
610 2409 646 2481 ni
671 2431 881 2504 numquam
908 2412 944 2483 in
970 2433 1108 2486 manus
1131 2433 1224 2486 suas
1247 2417 1452 2487 sumerent.
1486 2410 1556 2494 Qui

444 2553 534 2604 vero
548 2553 628 2606 -usu
648 2534 736 2606 vitae
756 2535 877 2608 edocti
897 2537 985 2632 quid
1005 2537 1054 2608 sil
1074 2537 1229 2626 bonum,
1242 2537 1331 2632 quid
1351 2535 1453 2628 utile,
1467 2535 1557 2630 quid

445 2656 602 2748 licitum,
616 2659 704 2752 quid
717 2681 805 2750 non,
821 2659 1018 2735 cotidianis
1034 2660 1341 2736 meditationibus
1353 2659 1558 2757 perdidice-

446 2789 545 2872 runt‚
569 2803 679 2878 opus,
706 2784 846 2878 dequo
871 2786 1009 2878 agitur,
1034 2795 1163 2860 nostra
1182 2786 1333 2881 quidem
1353 2785 1554 2874 sententia,

446 2906 569 2999 legere
590 2915 762 3002 possunt,
785 2909 991 2983 dummodo
1020 2912 1163 3006 optimo
1187 2911 1370 3006 prooemio
1396 2931 1559 3005 praemo-

445 3038 605 3104 ocantur
629 3053 704 3128 qua
729 3041 854 3107 mente
877 3036 1050 3108 Goetbius
1081 3037 1178 3110 hanc
1205 3035 1331 3110 fictam
1358 3034 1558 3108 historiam

445 3157 649 3252 scripserit,
661 3157 761 3251 quod
771 3159 820 3231 sit
831 3159 1327 3256 ipsiusoperispropositum
1340 3181 1386 3232 ac
1397 3159 1559 3252 denique

445 3282 535 3376 quid
558 3282 712 3377 periculi
740 3285 951 3378 praesertim
975 3285 1113 3358 animis
1138 3285 1277 3358 teneris
1305 3283 1558 3377 mollibusque

446 3404 550 3476 etad
573 3425 745 3476 amorem
769 3406 929 3478 nimium
954 3409 1153 3503 propensis
1176 3407 1263 3481 talis
1286 3405 1379 3479 liber
1402 3405 1554 3480 habeat.

493 3528 637 3620 ltaque,
667 3529 843 3622 quamvis
867 3537 905 3600 et
928 3529 1080 3604 brevius
1104 3538 1141 3603 et
1165 3531 1202 3602 in
1226 3529 1272 3604 iis
1296 3536 1445 3602 tantum
1471 3549 1558 3622 quae

446 3651 494 3723 ad
515 3651 636 3725 bonos
655 3673 782 3726 mores
802 3661 976 3749 spectant
996 3655 1238 3728 Gmtbianum
1263 3675 1361 3750 opus
1383 3651 1557 3745 attigeri-

447 3796 547 3866 mus,
570 3776 733 3851 vidimus
753 3785 882 3851 tamen
903 3800 1019 3872 quam
1039 3778 1147 3851 facile
1168 3779 1225 3851 vel
1246 3778 1400 3851 maximi
1419 3776 1559 3869 ingenii

447 3901 618 3996 scriptor,
641 3902 765 3996 qualis
784 3902 853 3976 luit
880 3904 1067 3994 strothius
1094 3927 1118 3978 a
1142 3903 1335 4000 proposito
1361 3903 1559 3996 ethicoque

447 4025 520 4097 linc
540 4025 720 4118 discedat,
744 4047 859 4120 quam
880 4027 1001 4100 multa
1021 4050 1088 4100 nec
1109 4029 1262 4122 opinata
1281 4028 1387 4102 inscii
1413 4029 1450 4099 in
1470 4026 1563 4100 scri-

447 4149 569 4222 bendo
594 4151 846 4244 effingamus,
873 4161 910 4225 et
939 4173 1055 4247 quam
1085 4175 1186 4248 saepe
1212 4155 1339 4226 nescio
1370 4173 1446 4246 qua
1470 4171 1562 4242 ger-

447 4295 562 4347 mana
582 4275 695 4348 sortis
715 4275 834 4348 ironia
853 4297 942 4372 spes
959 4283 1100 4350 nostrae
1119 4283 1156 4349 et
1175 4277 1345 4350 materiae
1359 4276 1563 4369 magnilica

447 4399 636 4496 promissa
656 4400 795 4472 frustra
815 4401 901 4474 sint.

498 4527 595 4596 Dum
621 4525 758 4596 librum
786 4526 849 4620 qui
877 4525 1117 4624 Affim'lntes
1143 4525 1322 4598 electiore
1347 4524 1562 4598 inscribitur
