3576 5622
201 2369 416 2431 Prnururuur

214 3492 396 3554 conciuero

980 744 1016 758 -
1041 715 1079 774 70
1101 745 1139 760 .-

502 847 779 920 ardentissimis
813 847 1082 944 cupiditatibus
1111 847 1255 921 fortiter
1293 869 1505 944 repugnare
1531 869 1621 944 pos-

501 971 588 1045 sint.
612 972 722 1046 Addit
747 973 871 1068 ipsam
896 973 1086 1046 Gorthiani
1111 972 1193 1045 libri
1218 973 1508 1069 explicationem
1531 993 1619 1048 esse

500 1097 783 1192 periculosam;
822 1097 1008 1194 plurimos
1045 1098 1145 1170 enim
1184 1119 1316 1171 eorum
1355 1099 1418 1193 qui
1456 1097 1618 1191 legerint

500 1221 581 1294 sine
605 1221 682 1295 ullo
712 1219 825 1294 dubio
862 1222 974 1296 malle
1007 1221 1101 1295 libro
1132 1288 1139 1314 ι
1161 1221 1409 1320 Affinitates
1429 1220 1584 1320 fatales
1608 1225 1616 1252 '

500 1367 615 1440 quam
637 1412 644 1438 ι
666 1343 838 1418 iiberus’
860 1347 941 1438 vei‘
964 1343 1154 1419 electivae
1170 1346 1205 1419 Α
1212 1344 1418 1445 [finitores
1435 1349 1442 1374 '
1460 1347 1614 1420 titulum

500 1491 598 1544 esse.

547 1593 694 1678 Quibus
721 1593 899 1668 omnibus
923 1595 968 1668 de
992 1595 1120 1668 causis
1146 1595 1217 1668 sibi
1242 1615 1468 1692 persuasum
1497 1595 1613 1668 babet

498 1719 770 1813 Francogallus
789 1719 941 1792 criticus
956 1720 1057 1792 nullo
1074 1721 1215 1793 recenti
1229 1741 1341 1816 opere
1357 1721 1482 1814 magis
1494 1741 1612 1815 quam

499 1844 698 1917 Goethiano
717 1844 811 1916 libro
831 1843 1001 1918 adiuvari
1025 1845 1129 1918 illam
1149 1844 1338 1920 funestam
1359 1846 1613 1940 horrendam-

500 1990 572 2063 que
588 1968 797 2042 doctrinam
816 1969 1143 2066 philosophorum‚
1163 1971 1228 2064 qui
1243 1992 1466 2067 corpoream
1483 1970 1613 2045 animo

497 2101 674 2168 naturam
693 2095 818 2168 inesse
842 2095 1065 2191 profitentur
1090 2102 1207 2190 atque
1238 2095 1437 2169 hominum
1457 2097 1612 2170 animos

497 2240 710 2314 sensusque
730 2225 851 2292 morte
872 2219 1040 2313 extingui
1059 2220 1206 2293 docent.

545 2344 676 2436 Neque
701 2341 809 2415 aliter
835 2343 998 2416 ircosus
1026 2343 1283 2435 Pirustarum,
1315 2342 1610 2418 honestissimus

495 2466 556 2539 iile
569 2473 606 2539 et
625 2465 869 2540 doctissimus
887 2466 1134 2540 Pictaviensis
1148 2466 1352 2562 proiessor,
1372 2467 1517 2564 paucis,
1539 2466 1607 2540 sed

495 2590 732 2683 gravissimis
769 2589 895 2664 verbis
932 2591 1176 2665 Goethianum
1213 2591 1351 2664 librum
1401 2591 1605 2688 improbat,

494 2737 581 2788 cum
602 2715 701 2788 dicat
734 2715 880 2788 nullum
914 2737 1010 2812 opus
1043 2717 1124 2790 sine
1151 2718 1325 2790 castitate
1353 2737 1486 2789 verum
1520 2736 1607 2790 esse

494 2848 608 2934 atque
628 2841 894 2914 verecundiam
915 2841 1230 2936 honestatemque
1255 2841 1317 2914 iila
1337 2843 1425 2915 ficta
1451 2841 1607 2915 historia

494 2966 619 3058 magis
643 2965 781 3038 offendi
809 2987 925 3061 quam
955 2965 1049 3038 libro
1079 2967 1188 3061 qui«
1217 2963 1410 3040 Guilelmi
1430 2963 1606 3038 Meister

499 3088 749 3162 Tirocinium
764 3115 783 3160 n
805 3090 1041 3164 inscribitur:
1067 3116 1086 3160 «
1105 3089 1254 3162 Dieser
1273 3089 1443 3174 Roman,
1468 3090 1601 3184 inquit,

494 3214 547 3286 ist
570 3211 829 3288 steiientoeise
853 3213 952 3287 noch
976 3215 1237 3311 castras-siper
1262 3212 1325 3287 uis
1348 3211 1467 3287 seibst
1499 3211 1603 3286 Wit-

490 3335 596 3410 belm
615 3337 810 3411 Meisters
830 3337 1061 3438 Lebrjabrc
1088 3339 1149 3410 ».¹

541 3463 724 3538 Videmus
743 3464 857 3558 igitur
876 3465 1051 3537 eamdem
1071 3464 1167 3536 inter
1180 3463 1516 3556 Francogallorum
1531 3464 1601 3536 ori-

490 3588 650 3660 ticorum
679 3587 874 3682 opiniones
901 3587 1193 3683 discrepantiam
1218 3609 1333 3684 quam
1359 3567 1482 3661 antea
1504 3587 1601 3660 inter

489 3713 766 3786 Germanorum
786 3711 952 3785 iudicum
974 3711 1182 3786 sententias¹
1201 3713 1431 3832 notavimus.
1454 3713 1600 3788 Utrim-

487 3859 561 3933 que
581 3837 723 3911 multos
744 3837 957 3912 invenimus
978 3837 1091 3931 etqui
1104 3837 1244 3910 Goethii
1256 3837 1384 3912 fictam
1400 3837 1598 3912 historiam

430 4037 433 4048 ,
487 3963 653 4036 maxime
683 3962 919 4036 admirantur
953 3969 990 4034 et
1022 3961 1086 4056 qui
1112 3961 1445 4038 vehementissime
1476 3983 1600 4059 oppu-

486 4097 615 4183 gnant.
644 4090 740 4162 Cum
762 4088 862 4160 enim
887 4087 1102 4160 criticorum
1132 4107 1222 4183 pars
1253 4087 1483 4162 matrimonii
1510 4085 1602 4160 reii—

518 4369 649 4427 ⁴Kurre
663 4367 837 4426 Geccbicbte
853 4369 908 4425 der
923 4367 1085 4426 deutschen
1104 4367 1276 4426 Litterotur
1294 4384 1354 4425 oon
1373 4369 1474 4426 ciuem
1491 4365 1597 4424 Fron-

482 4485 583 4528 zocaa.
598 4471 726 4528 Lutetiae
741 4468 940 4538 Parisiorum,
957 4479 1225 4532 rrrtoocurmxmv¹
1243 4483 1272 4538 p.
1290 4467 1352 4526 196.
