3640 5620
914 819 1070 878 ..34-

435 974 526 1028 narn
546 950 785 1026 necessitudo
805 957 842 1022 et
862 951 1110 1044 familiaritas,
1124 973 1209 1047 quae
1224 933 1320 1027 inter
1338 954 1547 1029 Carlottam

436 1079 538 1152 Stcin
564 1083 602 1150 et
627 1075 808 1150 maritum
836 1075 917 1149 eius
936 1076 1197 1170 permanebat,
1220 1079 1358 1152 Goethii
1381 1081 1547 1154 adventu

436 1204 591 1276 minime
611 1201 798 1276 labefacta
817 1207 887 1275 cst.

484 1325 818 1422 Denique-addit
828 1328 1282 1426 Diinzerus—praecipua
1292 1330 1409 1404 totius
1421 1329 1546 1426 operis

434 1475 510 1545 res,
541 1453 578 1525 id
609 1459 668 1526 est
706 1449 864 1524 occulta
898 1448 1104 1549 affinitas,
1139 1475 1225 1549 quae
1259 1476 1305 1526 ex
1335 1454 1547 1529 amantium

436 1578 609 1652 convictu
630 1577 759 1667 oritur,
782 1575 871 1648 nihil
891 1576 967 1649 lere
986 1577 1107 1650 simile
1127 1577 1242 1652 habet
1267 1599 1355 1651 curn
1382 1577 1549 1652 Carlotta

436 1703 551 1794 Stein,
591 1723 676 1797 quae
713 1701 766 1773 ita
799 1720 929 1773 amore
964 1721 1039 1774 non
1075 1723 1245 1798 praeceps
1282 1703 1472 1777 terebatur
1505 1709 1548 1776 ut

436 1833 589 1925 poetam
627 1825 867 1902 severissime
904 1833 1093 1900 coerceret
1134 1834 1171 1900 et
1212 1850 1235 1900 a
1273 1849 1314 1902 se
1352 1847 1548 1900 removere

436 1951 642 2043 festinaret,
664 1972 752 2024 cum
776 1949 887 2024 amici
911 1951 1152 2047 cupiditatem
1173 1951 1324 2048 longius
1347 1952 1550 2049 proceden-

436 2082 515 2149 tem
534 2073 736 2149 cerneret¹.

484 2201 655 2272 Di'mzcro
680 2201 711 2273 si
732 2200 877 2292 credas
900 2222 944 2272 ex
969 2201 1028 2274 his
1053 2221 1138 2295 quae
1167 2200 1279 2276 modo
1303 2201 1551 2297 exposuimus

435 2324 531 2398 scire
550 2324 649 2416 licet,
673 2325 814 2421 saepius
833 2325 870 2396 in
889 2325 1099 2398 litterarum
1123 2324 1292 2418 historia,
1314 2325 1450 2398 falsam
1469 2325 1551 2420 qui-

437 2449 524 2522 dem
555 2451 621 2524 sed
654 2449 904 2546 inpenr'osom
934 2472 979 2523 ac
1009 2446 1195 2522 subtilem.
1228 2451 1442 2546 opinionem
1475 2471 1549 2521 non

437 2574 548 2670 plane
577 2575 747 2670 relinqui,
780 2575 846 2648 sed
873 2573 1071 2670 paululum
1087 2575 1244 2666 mutari,
1268 2575 1321 2647 ita
1340 2583 1382 2648 ut
1411 2575 1550 2648 falsum

437 2699 546 2772 novis
555 2719 707 2795 semper
720 2699 853 2773 formis
866 2700 903 2771 in
917 2706 1144 2796 perpetuum
1157 2700 1305 2796 prodire
1324 2700 1457 2796 possit,
1479 2698 1551 2773 nisi

437 2823 617 2897 radicitus
631 2823 721 2896 illud
733 2823 954 2899 evellamus.

485 2948 642 3021 Videtur
661 2956 789 3021 tamen
818 2951 1027 3042 DiinzeruS‚
1055 2971 1142 3023 mea
1165 2949 1318 3043 quidem
1347 2949 1548 3040 sententia,

435 3073 641 3146 Hermanni
663 3074 808 3146 Grimm
828 3075 1042 3170 opinionem
1062 3075 1099 3146 in
1119 3075 1245 3148 maius
1263 3094 1517 3168 exaggerasse
1538 3095 1548 3165 ;

435 3219 526 3271 nam
546 3197 606 3270 ille
625 3199 941 3294 praeclarissimus
960 3221 1005 3273 ac
1020 3199 1327 3295 sapientissimus
1338 3197 1552 3272 Berolinen·

435 3322 489 3396 sis
513 3323 696 3416 magister
723 3323 772 3397 ab
800 3324 904 3397 initio
933 3323 1053 3397 multo
1082 3323 1207 3418 magis
1236 3344 1352 3417 quam
1381 3323 1552 3396 Stahrius

435 3453 558 3542 poetae
579 3446 698 3542 ipsius
717 3455 839 3521 artem
859 3449 1023 3544 respexit
1046 3455 1160 3544 atque
1184 3449 1221 3520 in
1247 3447 1380 3521 ultima
1400 3445 1553 3543 praelec-

437 3571 583 3644 tionum
598 3593 753 3646 suarum
771 3574 932 3646 editione
948 3571 1255 3670 (uncucuxxxxrx)
1271 3572 1451 3644 intellexit
1467 3573 1552 3644 Goe-

436 3695 610 3770 thianum
639 3697 775 3770 librum
805 3719 890 3771 esse
919 3719 1016 3794 opus
1044 3698 1272 3794 perpolitum
1301 3717 1423 3791 neque
1452 3695 1553 3769 limae

435 3820 603 3894 laborem
623 3829 661 3895 ct
681 3843 829 3896 moram
849 3823 1071 3918 scriptorem
1087 3821 1307 3914 offendisse;
1326 3823 1445 3893 immo
1459 3821 1551 3894 late·

435 3952 497 4018 tur
515 3945 644 4041 plures
663 3947 780 4020 luisse
800 3947 947 4021 Ottilias
966 3947 1064 4021 sicut
1083 3946 1213 4043 plures
1232 3946 1392 4019 luissent
1418 3947 1553 4034 Lottae‚

436 4070 613 4144 Carlottae
623 4077 754 4145 autern
765 4093 968 4168 personam
979 4073 1015 4144 in
1030 4072 1230 4145 Goethiano
1242 4070 1337 4144 libro
1348 4069 1557 4166 quidquam

469 4326 478 4360 ¹
502 4343 516 4376 <r
538 4325 619 4382 Frau
638 4341 696 4382 von
723 4327 818 4393 stein,
839 4329 887 4383 die
903 4327 968 4382 sich
994 4341 1028 4382 so
1048 4327 1152 4397 wenig
1176 4328 1357 4382 unbewusst
1380 4325 1550 4379 lrinreissen

435 4421 517 4490 liess,
534 4421 604 4478 does
616 4423 728 4478 staden
741 4421 864 4480 Dichter
883 4423 953 4479 seur
970 4423 1048 4478 leurs
1067 4423 1175 4479 diett...
1189 4425 1385 4489 (Dormientis,
1402 4419 1554 4494 Mopozin

434 4520 489 4590 ster
513 4519 561 4576 die
587 4520 757 4577 Litterotur
778 4521 828 4577 dcc
854 4520 1341 4588 Acalandcc,uncccuxx111,Nr.
1363 4521 1380 4576 5
1401 4523 1432 4576 et
1452 4517 1557 4581 6;Cl.

438 4614 702 4692 Erloeuteruopen‚
719 4634 748 4690 p.
764 4619 821 4685 23).
