908 1404
483 182 502 186 -
512 174 531 190 3⁶
542 183 562 187 .-

244 206 268 226 'rit
286 207 371 231 alienus;
380 207 385 221 l
394 207 446 231 2quid
458 207 502 226 dico
522 213 559 226 non
578 208 667 231 ignorat?
680 208 740 227 immo
759 212 804 226 vero

244 239 333 257 maritum
344 238 370 257 rei
380 239 479 257 certiorem
489 239 552 257 saeit.¹
688 239 690 241 ’

267 270 350 294 Uterque
361 269 424 293 igitur,
435 270 486 288 haud
496 270 563 293 ignari,
564 270 654 294 propria
660 269 767 288 voluntate
778 269 803 288 ad

242 301 347 325 periculum
356 303 464 325 properant.
476 301 513 320 Ah!
525 301 540 320 si
550 301 633 320 Eduardi
643 306 698 319 mens
706 306 743 319 non
752 301 803 319 laeva

242 332 315 355 fuisset,
326 332 343 351 si
357 332 432 351 turbato
446 332 619 357 cupiditatibusque
636 332 717 351 obnoxio
734 332 801 351 animo

242 369 280 382 non
289 363 405 386 indulsisset,
416 363 433 382 si
442 363 531 382 Carlottae
540 364 657 382 salutaribus
666 364 750 382 consiliis
761 368 800 382 nun

242 395 310 413 surdas
319 400 376 413 aures
383 395 504 419 praebuisset,
511 395 528 413 si
539 395 609 413 libidini
615 395 689 413 frenum
696 394 802 419 imposuis-

241 427 277 448 set,
292 426 375 445 Eduardi
385 428 403 444 et
418 426 507 444 Carlottae
522 431 560 444 non
573 426 708 445 immutaretur
722 426 801 444 fortuna

241 462 276 476 nec
285 457 337 476 mala
346 463 369 476 ex
379 457 429 476 hona
439 457 498 476 neret.

265 489 313 507 Cum
328 488 385 512 igitur
399 494 459 507 causa
475 488 519 507 mali
535 489 588 511 tanti,
605 494 643 507 non
659 489 720 507 tatum
733 488 800 507 nescio

240 519 297 543 quod,
308 519 342 538 sed
357 519 439 538 Eduardi
459 519 535 538 turbata
554 525 609 538 mens
628 519 730 543 libidoque,
751 519 799 537 mihi

239 550 313 569 videtur
322 551 409 570 Goethius
421 551 457 569 hoe
469 551 510 575 ipso
523 550 626 574 legentium
640 552 715 569 mentes
727 556 739 569 a
751 550 799 569 libi—

239 581 282 600 dine
292 583 377 600 avertere
391 584 409 600 et
423 582 448 600 ad
462 582 575 606 sapientiam
595 582 691 606 impellere
704 582 796 600 voluisse.

239 613 366 634 Quamobrem
376 618 498 637 nequaquam
508 613 645 637 vituperandus
654 615 688 631 aut
698 613 797 631 obtrecta-

239 644 289 662 tione
299 644 374 668 dignus,
385 644 418 663 sed
428 646 493 663 contra
504 649 574 667 magno
583 649 639 668 opere
650 644 756 662 laudandus
766 643 797 662 vel

238 674 365 694 severissimis
374 675 468 694 iudicibus
477 677 569 699 appareat
580 677 637 699 poeta
646 680 724 694 necesse
735 677 770 694 est.

262 707 311 725 Sane
320 707 369 725 {ictae
381 706 438 725 huius
450 706 534 725 historiae
548 706 629 731 scriptor
641 706 748 731 praecipuas
760 706 796 725 hac

238 738 256 756 in
266 743 286 756 re
297 740 362 762 partes
379 743 416 756 non
431 738 493 762 priore
509 738 631 756 matrimonio
648 739 753 762 mutuoque
771 738 795 756 atl

237 769 287 787 hunc
302 769 351 787 diem
367 774 432 787 amore
449 769 555 787 coniunctis
570 769 664 793 personis,
681 769 715 787 sed
731 769 795 787 liberis

237 800 326 824 nulloque
335 800 397 824 priore
407 800 495 818 connubii
506 799 580 818 vinculo
590 800 686 824 impeditis
693 800 794 818 iuvenibus

237 831 327 850 mandare
336 831 436 855 potuisset.
448 832 496 850 Cum
506 831 557 849 enim
567 831 605 849 iam
616 831 644 849 vir
653 833 672 849 et
681 831 751 849 femina
761 831 793 850 diu

236 863 315 881 vixerint
324 864 392 881 mutua
401 862 480 880 car-itate
490 864 509 880 et
518 862 599 880 invicem
615 867 635 881 se
652 862 791 886 anteponendo,

236 894 302 912 credas
306 893 387 916 vincula,
395 893 466 917 quibus
472 893 620 917 coniunguntur,
628 893 670 912 hinc
677 893 716 912 iam
722 895 794 912 aetema

236 930 278 944 esse
288 925 356 943 dehere
366 930 401 943 nec
411 924 449 943 ullo
460 924 516 943 modo
526 926 560 943 aut
569 925 608 943 ulla
623 925 641 943 vi
653 925 715 949 rumpi
727 930 792 949 posse.

252 984 257 992 ⁴
265 982 284 997 V.
292 982 364 997 Caslossm
376 982 425 1000 ipsius
436 982 456 996 ad
465 982 554 997 Eduardum
563 983 618 996 verba:
626 987 633 995 ι
639 982 693 996 Niehts
703 983 723 997 isi
734 982 794 997 bedeu-

234 1008 288 1022 tender
293 1008 308 1022 in
311 1007 362 1025 jedem
368 1007 450 1023 Zuslande,
456 1007 479 1021 als
485 1006 510 1021 die
515 1006 661 1024 anisclnevnlmnst
666 1007 708 1021 einen
713 1006 781 1021 Duum.
786 1012 793 1020 ι

234 1032 251 1049 (Ι,
259 1033 277 1048 l).

250 1057 257 1066 ²
264 1056 322 1071 Ibidem
328 1061 332 1071 :
341 1061 348 1069 ι
357 1056 383 1070 leh
391 1056 431 1070 habe
438 1056 510 1070 Freunde
517 1056 589 1074 gesehen,
595 1056 704 1073 Gesehwlster,
710 1057 792 1073 Liebenrle,

233 1082 294 1098 Ganen,
302 1081 348 1095 deren
355 1081 457 1095 Verhaellniss
464 1081 512 1095 durch
520 1081 549 1095 den
557 1081 644 1098 zulaelligen
651 1081 791 1100 oder-gewaehnen

233 1106 316 1121 Hinzutritt
327 1106 369 1120 einer
381 1109 430 1119 neuen
442 1105 500 1119 Person
512 1109 552 1123 ganz
564 1105 595 1119 und
607 1108 635 1122 gar
644 1105 734 1123 vermudert,
744 1106 791 1120 deren

233 1131 274 1148 Lago
281 1130 333 1148 voellig
340 1129 431 1147 umgekehrt
438 1130 497 1144 wurde.
