3576 5622
965 821 1004 836 -
1024 791 1063 850 54
1085 821 1126 837 -

486 924 611 1018 magis
630 923 792 1022 opprimi
812 923 1093 998 conditionibus
1112 925 1201 997 urae
1215 903 1602 1020 timmmusnosms

482 1047 660 1142 agendae,
694 1070 811 1144 qnam
835 1049 980 1146 peccati
1005 1049 1110 1121 luere
1135 1071 1271 1144 poenas
1291 1075 1301 1121 z
1324 1077 1344 1118 c
1372 1048 1512 1123 Alicio
1539 1052 1601 1122 sie

482 1171 713 1246 ercclteinen
727 1171 844 1245 mehr
861 1171 925 1246 als
946 1170 1169 1271 Opserder
1182 1171 1364 1246 sozr'ulen
1395 1172 1597 1246 Verhoelt-

482 1297 603 1382 nisce,
617 1295 721 1369 dean
741 1295 806 1370 alc
817 1295 992 1371 tussend
1004 1298 1235 1395 [circipene
1251 1295 1420 1372 Schuld.
1450 1325 1471 1368 u

531 1425 719 1514 Bormam,
741 1423 1037 1497 honestissimus
1056 1423 1116 1495 ille
1132 1424 1317 1516 magister
1330 1431 1472 1516 noster,
1486 1425 1597 1496 cuius

481 1547 667 1621 memoria
686 1547 796 1622 nobis
815 1547 1059 1622 sanctissima
1088 1556 1160 1640 est,
1189 1549 1272 1622 suis
1295 1555 1332 1620 et
1369 1549 1406 1620 in
1434 1548 1596 1646 publicis

480 1671 786 1768 praelectionibus
804 1681 842 1745 et
865 1673 902 1744 in
926 1673 1095 1770 seriptis,
1119 1673 1256 1747 Ottiliae
1284 1695 1489 1770 personam
1518 1675 1595 1748 sin-

480 1795 602 1889 gulari
620 1797 747 1872 studio
767 1797 931 1870 defendit
949 1819 959 1890 ;
980 1797 1069 1870 dicit
1087 1797 1160 1872 illis
1180 1799 1433 1894 temporibus,
1455 1799 1596 1894 quibus

478 1921 653 1996 Goethius
671 1922 708 1994 A
712 1919 919 2020 [sinitotes
942 1920 1134 1995 electivae
1152 1923 1316 2020 scripsit,
1337 1925 1596 1998 contormatas

477 2045 554 2118 iarn
573 2053 688 2142 atque
708 2047 879 2120 excultas
899 2047 1015 2122 ruisse
1038 2048 1245 2122 iuventutis
1267 2048 1399 2123 dulces
1421 2049 1595 2123 recorda-

477 2171 599 2246 tiones
617 2194 664 2246 ac
683 2180 837 2269 poetam
856 2193 1044 2268 personas
1066 2194 1160 2247 suas
1186 2175 1393 2247 maturiore
1417 2183 1498 2248 arte
1521 2175 1593 2248 de-

475 2297 687 2394 scripsisse.
713 2299 835 2370 lmmo
862 2305 971 2393 putat
995 2298 1186 2372 tristitiam
1215 2299 1423 2394 quamdam
1452 2300 1591 2372 Goethii

474 2441 573 2517 opus
603 2422 808 2518 pervadere
841 2429 956 2518 atque
988 2423 1153 2497 indicare
1181 2425 1380 2516 rationem,
1416 2431 1459 2496 ut
1486 2424 1588 2516 dicit,

473 2543 799 2638 ,nomanticam
826 2550 848 2639 ’‚
878 2550 1089 2644 praesertirn
1122 2571 1210 2622 cum
1239 2549 1366 2643 magis
1395 2557 1432 2622 et
1465 2550 1591 2643 magis

472 2678 627 2744 ornetur
645 2678 760 2766 atque
780 2672 990 2747 illustretur
1008 2675 1125 2748 totius
1143 2673 1226 2746 libri
1257 2674 1444 2748 scribendi
1465 2695 1590 2768 genus

471 2803 509 2868 et
533 2796 761 2892 explanatio.
787 2797 883 2872 Dicit
912 2798 983 2871 hoc
1007 2820 1159 2894 quoque
1188 2821 1301 2896 opere
1327 2800 1520 2872 Goethium
1545 2821 1590 2873 se

471 2921 597 3016 ipsum
624 2922 790 2997 voluisse
810 2943 1015 2996 exonerare
1035 2925 1146 3020 quasi
1165 2931 1202 2996 et
1220 2932 1302 2998 arte
1321 2925 1460 2998 eximia
1481 2946 1591 2998 exor-

470 3047 636 3139 navisse,
672 3069 759 3144 quae
796 3049 878 3146 ipse
912 3049 1067 3124 vidisset
1099 3057 1214 3145 atque
1252 3057 1431 3146 expertus
1461 3057 1589 3142 esset3

468 3171 637 3246 comita
665 3193 798 3247 resse
832 3173 989 3266 habeat,
1015 3173 1151 3248 Ottitiae
1179 3195 1402 3271 personam,
1435 3195 1588 3247 morum

468 3295 657 3371 suavitate
684 3319 730 3370 ac
763 3297 949 3392 gravitate
990 3307 1069 3373 tam
1108 3298 1263 3393 dignam
1295 3321 1383 3395 quae
1417 3307 1583 3391 ametur,

467 3431 661 3518 sumptam
691 3423 844 3518 quidem
877 3443 963 3497 esse
988 3444 1034 3497 ex
1067 3425 1145 3499 vita
1168 3425 1270 3521 ipsa,
1302 3424 1371 3500 sed
1394 3424 1584 3498 liberrime

467 3555 686 3622 mutatam:
725 3547 816 3643 quid
845 3547 1002 3642 dicam,
1033 3549 1218 3642 virginem
1251 3549 1378 3623 divina
1415 3549 1583 3646 quadam

465 3671 665 3748 honestate
684 3680 799 3770 atque
819 3681 1018 3749 venustate
1037 3675 1236 3771 praeditam
1252 3673 1382 3768 esse¹‚
1404 3695 1583 3771 operam·

465 3817 538 3892 que
568 3797 716 3874 dedisse
744 3807 925 3896 poetam,
957 3806 1144 3895 utquam
1177 3799 1466 3874 absolutissime
1494 3799 1584 3872 vitae

463 3929 579 4020 atque
596 3923 714 3998 animi
734 3921 1038 3998 emendationem
1057 3931 1096 3998 et
1109 3924 1219 4021 quasi
1239 3925 1415 3999 intimam
1432 3927 1578 4021 καθάρσιν

463 4049 657 4145 perficeret
676 4046 760 4143 (die
781 4048 916 4148 incipe
933 4049 1069 4123 wadre
1082 4048 1307 4123 Kathursis
1324 4073 1369 4124 so
1386 4050 1477 4124 rein
1495 4047 1585 4123 und

460 4171 726 4248 colllrommen
741 4171 804 4248 als
819 4171 1005 4272 nzoeplr'ch
1024 4172 1396 4272 adcuschliessen).²

494 4459 503 4497 Ι
521 4479 534 4514 ι
547 4455 623 4516 &dcl
632 4457 759 4522 liuttici,
772 4457 886 4514 ethiscd
895 4455 1037 4515 verkbcrt
1048 4477 1074 4514 i.
1084 4457 1284 4533 (Alipemeinc
1293 4459 1433 4516 demeto
1442 4457 1577 4532 Bioprur

455 4557 536 4634 phio,
553 4571 598 4628 rx,
613 4557 689 4622 448).
705 4587 738 4598 -
757 4555 769 4592 ¹
785 4553 912 4614 Ibidem.
