3654 5644
755 705 930 765 -lsl-

335 841 526 914 Interdum
559 847 597 914 et
636 840 675 913 in
703 839 879 914 Carlottae
920 841 1229 936 centurionisque
1264 862 1394 914 amore

287 965 467 1039 nonnulla
485 965 665 1057 invenies,
687 986 773 1060 quae
800 965 1009 1038 maximum
1027 966 1065 1037 in
1090 966 1246 1039 modum
1270 986 1394 1062 repre-

289 1089 450 1163 hendere
469 1090 607 1186 possis.
630 1089 678 1162 Hi
702 1096 843 1180 tamen,
866 1096 908 1161 ut
927 1089 1054 1163 minus
1078 1089 1208 1162 fervidi
1231 1089 1290 1162 vel
1309 1110 1393 1165 sen-

291 1214 397 1289 sibus
431 1213 686 1304 oboedientes,
718 1214 770 1287 ile
803 1214 929 1287 animo
962 1234 1111 1308 quoque
1147 1213 1272 1306 magis
1299 1235 1392 1289 seno

292 1339 498 1434 sedatoque
530 1360 575 1412 ac
600 1315 812 1436 praesertim
836 1339 884 1412 ad
907 1338 1028 1413 bonos
1060 1359 1187 1413 mores
1217 1339 1392 1412 inclinato

293 1470 392 1537 sunt.
415 1463 487 1536 Sed
505 1463 577 1560 ipsi
596 1484 746 1559 quoque
766 1484 807 1538 se
831 1463 992 1536 invicem
1017 1469 1171 1537 amant:
1193 1463 1289 1536 inter
1312 1485 1390 1556 eos,

292 1588 613 1682 quemadmodum
634 1588 730 1661 inter
748 1588 914 1663 Ottiliam
934 1594 971 1661 et
990 1588 1221 1680 Eduardum,
1243 1595 1286 1661 ut
1303 1587 1394 1660 vidi-

290 1733 391 1804 mus,
414 1720 565 1809 propter
584 1719 759 1787 mutuam
779 1713 997 1787 comitatem
1017 1719 1265 1808 mutuamque
1284 1712 1395 1786 sedu-

289 1836 434 1910 litatem
467 1858 575 1911 amor
606 1838 785 1912 nascitur.
821 1841 900 1912 Nec
932 1838 1056 1912 solum
1089 1837 1219 1911 eadem
1253 1837 1394 1912 amoris

289 1961 531 2057 caritatisque
560 1983 704 2055 causa,
739 1962 806 2036 sed
838 1961 938 2036 idem
971 1963 1086 2036 etiam
1117 1981 1319 2058 processus
1357 1970 1395 2036 et

287 2085 444 2160 allectus
463 2110 472 2157 ε
496 2094 538 2160 ut
557 2086 682 2162 Ottilia
701 2093 739 2159 et
757 2086 970 2178 Eduardus,
992 2087 1046 2160 sio
1066 2085 1231 2165 Garlotta
1249 2093 1287 2159 et
1302 2087 1395 2160 (len-

289 2211 386 2284 turio
405 2210 549 2284 maiore
569 2210 701 2284 ardore
721 2210 946 2284 incumbunt
964 2210 1096 2302 labori,
1119 2211 1172 2285 sie
1192 2210 1237 2284 ad
1258 2230 1393 2283 neees-

290 2335 432 2410 sariam
451 2355 642 2430 quamquo
661 2355 741 2408 rem
759 2343 797 2408 et
816 2335 951 2408 utilem
965 2342 1149 2432 spectant,
1171 2336 1225 2410 sic
1243 2355 1393 2430 quoque

290 2461 391 2534 beati
414 2461 540 2554 magis
567 2459 819 2556 fortunatique
850 2461 1012 2532 vivunt:
1037 2484 1056 2530 n
1083 2462 1207 2533 Wenn
1242 2460 1394 2533 Eduard

290 2585 359 2658 mit
376 2584 538 2678 Ottilien,
561 2581 622 2658 die
638 2583 752 2658 Plade
771 2605 816 2658 zu
837 2585 1008 2677 waehlen,
1030 2584 1088 2658 die
1107 2586 1229 2678 Wege
1242 2584 1395 2672 zubah-

288 2729 375 2801 nen,
396 2708 636 2801 vorauseilte,
658 2729 702 2783 so
721 2708 836 2803 lolgte
855 2709 920 2782 der
938 2711 1183 2804 Hauptmann
1199 2709 1266 2780 mit
1281 2708 1395 2782 Char-

288 2832 405 2907 lotten
433 2833 471 2905 in
504 2832 756 2906 bedentender
789 2833 1084 2926 Unterhaltung,
1116 2832 1394 2906 theilnehmend

287 2977 337 3032 an
376 2957 577 3032 manahem
614 2956 912 3030 neuentdeokten
949 2957 1175 3048 Plaetzchen,
1209 2977 1258 3030 an
1287 2977 1395 3030 man-

1555 848 1602 913 Du

1491 953 1667 1012 Cannorrne

1554 1065 1594 1108 nr

1468 1148 1686 1208 Csnrunrorus
1809 1169 1810 1236 ᾗ

1520 1261 1632 1307 AMORE

287 3081 376 3155 cher
395 3087 673 3155 unerwarteten
694 3079 884 3174 Aussieht,
906 3081 1065 3174 geruhig
1088 3081 1153 3154 der
1176 3082 1272 3176 Spur
1288 3079 1395 3175 jener
1492 3069 1495 3077 ’

288 3206 489 3281 rascheren
508 3209 741 3299 Vorgaenger
761 3204 773 3247 ¹
792 3229 826 3278 ».

336 3331 492 3426 Semper
512 3330 696 3426 (repetam
721 3327 836 3422 enim)
862 3349 958 3424 quos
981 3329 1091 3404 nobis
1115 3329 1234 3426 pingit
1261 3349 1393 3403 aman-

289 3462 360 3547 tes,
382 3455 478 3529 tales
496 3453 674 3527 informat
692 3453 865 3528 Goethius
890 3453 1013 3549 qualis
1036 3454 1157 3528 luerat
1180 3455 1274 3549 ipse,
1301 3454 1392 3526 dum

289 3579 436 3653 iuvenis
466 3586 693 3670 amaverat3
718 3585 832 3673 atque
860 3578 1003 3652 amoris
1030 3577 1304 3673 pulchritudine
1335 3577 1394 3651 vel

288 3703 414 3799 potius
433 3702 626 3776 dulcedine
646 3709 794 3799 captus,
816 3702 947 3775 leviter
968 3722 1100 3775 curare
1123 3700 1269 3775 videtur
1289 3723 1338 3776 an
1355 3701 1393 3775 in

289 3826 382 3901 libro
413 3847 483 3902 suo
507 3825 674 3902 Carlotta
696 3828 959 3922 Centurioque,
986 3826 1076 3899 dum
1100 3825 1226 3902 Ottilia
1251 3826 1395 3900 Eduar-

288 3952 434 4046 dusque
453 3972 555 4025 caeoo
574 3951 696 4025 amori
714 3951 963 4047 violentaeque
987 3949 1127 4023 libidini
1151 3948 1253 4022 nullo
1280 3950 1393 4023 modo

286 4077 461 4150 resistere
480 4082 654 4172 possunt,
676 4071 767 4147 boni
784 4074 1014 4172 honestique
1035 4075 1222 4174 fautores
1247 4071 1419 4172 desem,

285 4221 471 4298 roresque
489 4199 585 4272 sint.

322 4447 332 4482 ⁴
348 4444 523 4518 Affinitatee
540 4443 679 4509 electiore,
696 4445 788 4513 l,v11.
804 4444 850 4503 ef.
862 4445 884 4510 l,
897 4444 970 4516 cap.
987 4457 1060 4511 xm,
1071 4446 1109 4502 de
1120 4444 1261 4502 Carloltae
1272 4457 1389 4501 amore:

290 4563 303 4598 ι
320 4541 398 4600 Eine
412 4541 538 4608 achone,
549 4541 613 4600 edla
623 4541 772 4616 Neiqunp.
790 4561 803 4594 l
1397 4541 1400 4548 '
