3576 5622
715 816 871 878 :Ji-

244 952 395 1044 gio'nem
432 960 469 1024 et
502 973 652 1024 morum
688 953 943 1046 integritatem
979 952 1040 1025 illo
1078 951 1172 1024 libro
1205 951 1350 1023 delendi

245 1083 434 1170 putarent,
457 1076 520 1150 alii
539 1085 672 1150 contra
690 1084 727 1150 et
747 1083 1017 1170 argumentum
1035 1077 1162 1173 ipsum
1183 1082 1221 1149 et
1240 1075 1351 1149 adhi-

246 1200 366 1275 bitam
403 1201 442 1272 in
472 1201 586 1276 rebus
606 1201 849 1298 explanandis
868 1200 1053 1274 rationem
1087 1200 1223 1275 acriter
1257 1200 1353 1276 vitu-

248 1333 398 1422 perant,
439 1347 561 1422 neque
580 1327 707 1401 minus
730 1347 832 1421 aegre
864 1326 987 1399 lerunt
1019 1325 1353 1422 praeclarissimum

248 1457 402 1546 poetam
421 1451 606 1524 rationem
630 1451 784 1525 latalem
808 1450 1026 1525 adhibuisse
1058 1457 1173 1546 atque
1211 1473 1235 1525 a
1265 1452 1353 1524 Ger-

250 1596 374 1649 manae
394 1577 517 1670 gentis
536 1577 706 1652 moribus
720 1577 954 1652 discessisse.

298 1704 348 1775 Ut
366 1709 503 1776 cuncta
517 1700 679 1776 breviter
697 1701 933 1794 contraham,
951 1701 1043 1775 mihi
1062 1701 1214 1796 quidem
1229 1699 1355 1774 viden-

250 1833 310 1900 tur
339 1828 455 1901 critici
475 1827 664 1902 Goethiani
689 1828 771 1901 libri
790 1829 956 1924 leporem
977 1835 1014 1900 et
1041 1826 1312 1900 iucunditatem
1332 1847 1355 1898 a

249 1953 385 2026 virtute
401 1953 534 2026 morali
547 1974 622 2028 non
644 1953 738 2028 satis
750 1953 987 2027 disiunxisse.
1005 1954 1100 2026 Cum
1118 1953 1218 2025 enim
1231 1951 1293 2025 alii
1309 1992 1354 2002 -

247 2085 284 2149 et
304 2079 384 2151 sine
405 2077 481 2150 ullo
500 2077 613 2152 dubio
632 2077 752 2150 multo
770 2077 890 2151 maior
904 2097 993 2174 pars
1012 2097 1157 2169 eorum,
1177 2076 1241 2171 qui
1259 2097 1356 2172 opus

249 2201 483 2275 admirantur
502 2244 548 2256 -
568 2203 810 2276 ornatissimo
824 2202 968 2275 dicendi
989 2222 1126 2295 genere
1161 2209 1199 2275 et
1229 2221 1355 2274 rerum

251 2348 337 2421 quae
353 2335 553 2400 narrantur
573 2327 837 2402 venustatibus
853 2327 964 2422 capti,
986 2325 1222 2400 imminentia
1236 2326 1356 2398 mori-

250 2451 324 2526 bus
357 2452 524 2549 pericula
555 2473 630 2526 non
664 2453 825 2543 videant,
852 2453 914 2525 alii
951 2459 1082 2526 contra
1109 2450 1357 2525 dubitationi·
1429 2474 1431 2478 ·

250 2573 325 2648 bus
348 2575 556 2650 moralibus
584 2575 775 2671 impediti,
807 2574 924 2650 totius
951 2573 1074 2671 operis
1107 2572 1357 2671 pulchritudi-

250 2721 337 2772 nem
357 2707 472 2795 atque
492 2699 749 2796 explicationis
768 2699 945 2773 eximiam
965 2705 1087 2773 artem
1106 2700 1292 2794 ignorant.

297 2822 417 2897 Nobis
436 2824 551 2918 igitur
570 2825 608 2897 in
627 2825 746 2898 altera
765 2824 878 2897 libelli
897 2825 1014 2899 nostri
1034 2831 1141 2921 parte
1160 2825 1357 2920 exquiren-

249 2946 340 3020 dum
362 2949 431 3022 erit
448 2970 553 3042 num,
573 2957 640 3023 aut
653 2949 952 3046 pulchritudinis,
970 2956 1038 3024 aut
1057 2949 1226 3024 veritatis
1240 2969 1358 3022 causa

251 3093 401 3146 morum
427 3074 613 3152 honestas
641 3076 679 3148 in
713 3074 947 3150 aestimandis
981 3074 1131 3172 scriptis
1168 3074 1358 3168 negligere

251 3196 373 3272 liceat.
