908 1404
322 274 433 294 CAPUT
451 274 488 294 1V

176 321 234 342 QUID
246 321 311 340 GASTI
324 320 524 339 VITUPERANDIVE
536 319 633 338 HABEAT

230 359 255 377 IN
267 359 447 378 AFFINITATIBUS
459 358 582 377 ELECTIVIS

204 397 375 416 GOETHIANUM
392 397 501 416 DICENDI
520 396 609 415 GENUS

340 464 344 469 ·
351 460 377 471 unm
383 460 424 473 niuniu
429 460 486 471 vend-u
490 460 510 471 aie
514 460 550 471 norm
554 460 579 470 deu
585 460 633 471 σει-ιιι.

340 480 345 485 ι
351 476 406 486 vonum:
410 476 440 487 mm,
445 476 499 486 variam
504 476 530 486 nen
537 476 557 486 uin
562 475 617 486 numm
622 475 674 486 ουν-ιι.
678 478 683 484 ι

154 529 252 547 Hactenus
261 528 284 546 de
293 528 393 547 Goethiano
403 533 459 552 opere
471 528 519 552 ipso,
529 528 579 552 quod
591 527 615 546 ad
627 533 683 551 argu-

128 561 214 578 mentum
225 559 305 583 pem‘net
313 561 333 578 et
342 564 405 578 rerurn
415 559 564 583 explicationem,
583 559 640 578 locuti
651 564 684 578 su-

128 596 178 609 mus.
195 591 250 609 Nune
262 591 309 609 satis
323 591 359 609 erit
369 590 435 614 paucis
447 590 510 609 verbis
525 590 621 614 exquirere
638 590 683 614 quid

128 622 153 640 ad
162 627 226 641 mores
238 622 267 640 vel
281 621 410 640 emendandos
419 622 448 640 vel
458 621 606 646 corrumpendos
621 621 683 640 valeat

129 653 201 672 dicendi
210 658 278 677 genus,
289 658 327 677 quo
336 653 423 672 Goethius
432 658 480 672 usus
489 655 525 671 est.

154 684 229 703 Etenim
245 689 283 703 nou
300 684 363 703 solum
378 684 466 703 eamdem
479 684 498 702 in
509 683 602 703 scribendi
614 689 682 708 genere

129 715 265 734 iucunditatem
278 715 362 736 invenies
375 717 433 739 atque
444 716 463 734 in
474 721 538 734 rerum
552 715 681 740 explicatione,

128 747 161 766 sed
177 747 243 770 etiam,
258 752 302 765 cum
317 747 336 765 in
351 746 470 770 singulorum
482 747 584 765 verborum
595 747 682 765 eonium>-

128 778 185 801 tione,
200 780 241 797 tum
250 778 269 796 in
279 779 319 797 toto
328 778 400 796 dicendi
410 783 485 801 genere,
496 778 583 796 eamdem
596 780 615 796 et
626 778 683 797 urba-

128 809 192 828 nitatis
197 809 326 828 ethonestatis
331 814 403 832 euram,
407 809 502 833 quamvis,
506 811 527 828 ut
532 809 570 828 iam
575 809 594 827 in
599 809 682 828 seeundo

128 842 193 859 nostro
205 840 266 864 capite
276 840 364 864 vidimus,
374 845 405 859 res
414 840 467 864 ipsae,
476 845 520 864 quae
529 842 636 864 narrantur,
647 846 683 859 sae-

128 871 172 896 pius
181 877 219 890 non
229 872 269 891 sine
278 872 362 890 maxima
371 871 451 890 audacia
456 873 475 890 et
480 871 565 890 libertate
572 872 683 895 excogitata-1

129 902 234 921 videantur.
255 903 279 921 Ut
294 903 343 921 enim
357 903 452 921 Gcethiani
465 903 507 921 libri
520 908 613 927 personae,
630 908 682 921 more

129 934 246 952 imbutorum
258 939 335 952 summa
349 934 466 953 humanitate
478 936 535 958 atque
546 934 597 952 omni
611 934 682 952 liberali

128 965 212 983 doctrina
220 965 345 984 formatorum
353 967 419 988 agunt,
428 965 455 984 ita
462 965 529 984 iisdem
539 965 602 984 verbis
608 965 683 984 eodem-

128 1001 164 1020 que
176 996 233 1015 modo
247 998 304 1020 atque
315 996 350 1015 viri
365 996 474 1015 liberalibus
490 996 557 1015 studiis
573 996 683 1020 artibusque

128 1027 197 1046 exculti
207 1029 226 1046 et
236 1027 322 1052 perpoliti
331 1027 440 1051 loquuntur.

151 1060 171 1077 ln
186 1059 246 1081 rebus,
255 1059 320 1082 etiam,
331 1064 375 1083 quae
388 1059 453 1083 rigidis
462 1059 565 1078 Catonibus
575 1061 594 1078 et
607 1059 682 1083 pericu-

127 1089 173 1109 losae
186 1091 205 1108 et
216 1092 307 1109 nocentes
318 1090 376 1108 videri
388 1091 473 1114 possent,
489 1090 576 1109 Goethius
590 1090 683 1109 honestis

127 1121 176 1139 simo
192 1126 261 1144 genere
273 1120 346 1140 dicendi
359 1122 378 1139 et
388 1121 499 1139 verecundis
510 1121 574 1140 verbis
585 1126 633 1140 usus
646 1123 682 1144 est,

127 1152 154 1170 ita
168 1154 189 1171 ut
200 1157 250 1171 anno
264 1157 341 1171 unccmx
356 1157 432 1171 summo
446 1152 487 1171 iure
505 1152 527 1170 de
544 1152 592 1171 libro
607 1157 643 1171 suo
659 1152 683 1171 ad
