3680 5612
952 847 1113 905 48..

473 980 604 1071 lector,
628 982 756 1052 omnia
775 998 907 1052 amore
921 979 1017 1052 n‘nci
1030 989 1068 1052 et
1078 981 1222 1053 amoris
1235 970 1592 1076 violentiae'semper

471 1105 549 1178 tere
568 1106 700 1178 cedere
721 1105 908 1180 homines.
930 1106 986 1178 Tu
1000 1105 1115 1198 igitur
1134 1105 1303 1179 monitus
1321 1125 1390 1201 pro
1410 1112 1478 1178 tua
1497 1105 1591 1178 virili

470 1232 641 1326 portione
663 1231 840 1304 insanum
861 1251 1034 1304 amorem
1058 1231 1194 1324 tugieS,
1226 1237 1276 1322 et,
1295 1229 1329 1304 si
1359 1229 1423 1303 tibi
1453 1231 1590 1325 quietis

471 1357 738 1450 dignitatisque
758 1379 849 1430 cura
869 1355 947 1428 ulla
966 1364 1055 1443 tuae,
1078 1355 1266 1448 homines,
1287 1355 1352 1449 qui
1372 1355 1439 1427 tibi
1459 1356 1588 1430 nefas-

472 1489 553 1554 tum
573 1482 709 1554 afferre
733 1503 904 1555 amorem
926 1488 1096 1578 possent,
1131 1481 1328 1574 diligenter
1351 1481 1500 1556 vitabis.
1532 1482 1588 1553 Tu

471 1607 583 1680 velim
613 1608 650 1680 in
683 1607 798 1682 rebus
825 1607 996 1681 adversis
1024 1608 1153 1680 animo
1178 1605 1263 1680 torti
1287 1606 1342 1680 sis
1373 1605 1515 1700 tibique
1534 1605 1587 1678 ita

470 1733 717 1828 persuadeas
742 1739 881 1828 praeter
903 1731 1056 1827 culpam
1080 1739 1118 1804 et
1146 1739 1346 1828 peccatum
1371 1730 1589 1804 hominibus

470 1857 639 1930 accidere
661 1856 749 1929 nihii
770 1877 898 1952 posse,
920 1855 1023 1951 quod
1042 1856 1091 1929 sit
1111 1855 1258 1928 malum
1290 1863 1358 1929 aut
1383 1856 1588 1952 pertimes-

470 1981 646 2072 cendum,
686 1981 754 2054 sed
791 1988 878 2054 ante
916 1982 1046 2053 omnia
1082 1981 1295 2077 periculum
1334 1987 1484 2053 mature
1521 1980 1588 2052 tibi

469 2107 690 2200 fugiendum
711 2127 810 2197 esse,
825 2127 873 2177 ne
889 2106 969 2202 ipse
984 2105 1106 2201 cutpae
1125 2105 1371 2180 succumbas.
1386 2105 1396 2147 ¹
1411 2109 1589 2179 Commo

469 2251 558 2304 nere
577 2231 722 2304 videtur
740 2231 878 2304 Goethii
899 2230 993 2303 liber
1013 2231 1223 2322 flammam,
1238 2239 1279 2304 ut
1297 2231 1352 2305 ait
1371 2231 1530 2306 Plautus
1549 2232 1586 2302 in

469 2354 724 2448 Curculione,
750 2357 855 2428 sumo
878 2356 1092 2451 proximam
1116 2355 1248 2448 esse²‚
1275 2356 1415 2450 quique
1439 2355 1586 2428 malum

469 2482 609 2554 (entare
628 2482 768 2577 cupiat,
791 2481 823 2552 ei
849 2481 1044 2554 vitandam
1064 2481 1170 2576 prius
1189 2481 1443 2555 occasionem.
1478 2481 1583 2563 Quo-

470 2607 582 2679 modo
606 2607 706 2679 enim
726 2605 855 2680 fumus
878 2611 937 2679 est
960 2604 1139 2678 indicium
1164 2605 1332 2679 dammae
1354 2627 1443 2678 mox
1466 2625 1584 2701 erup—

470 2737 579 2823 turae‚
608 2731 661 2804 ita
683 2732 870 2827 cupiditas
890 2731 1007 2804 nimia
1031 2731 1272 2806 calamitatis.
1313 2733 1427 2823 Nam,
1461 2738 1503 2804 ut
1533 2730 1585 2803 ait

469 2859 557 2931 Des.
586 2859 772 2932 Erasmus
795 2857 1092 2949 Roterodamus‚
1119 2857 1176 2929 vir
1199 2857 1259 2930 ille
1284 2878 1412 2930 rerum
1436 2856 1585 2929 divina-

468 3003 554 3054 rum
585 2982 750 3056 maxime
783 2983 1003 3075 instructus,
1037 3008 1057 3052 «
1077 2983 1142 3078 qui
1173 3004 1262 3055 cum
1287 2983 1414 3079 puella
1446 2981 1587 3056 cubare

467 3106 571 3200 nolit,
594 3128 641 3179 ne
667 3106 730 3180 det
750 3107 925 3180 osculum
941 3106 978 3178 ⁸.
1004 3131 1023 3177 »

515 3233 621 3316 Quod
651 3232 803 3327 quidem
832 3233 870 3304 in
896 3229 1193 3330 Affinitatibus
1210 3229 1391 3304 electiuis
1410 3233 1585 3307 Goethius

466 3358 712 3431 manifestum
731 3358 835 3450 fecit3
849 3377 972 3430 nonne
993 3359 1064 3430 hoc
1085 3356 1299 3450 legentibus
1315 3357 1404 3430 utile
1419 3357 1583 3451 vitaeque

466 3482 680 3556 idoneum?
1525 3464 1533 3476 '

515 3608 552 3680 Si
571 3630 671 3682 nuno
690 3607 776 3704 quis
795 3608 905 3680 tuerit
926 3608 1040 3682 huius
1060 3608 1159 3682 fictae
1184 3607 1351 3682 historiae
1381 3606 1467 3682 finis
1486 3607 1581 3682 scire

502 3862 510 3898 ⁴
529 3861 574 3918 Ct.
591 3876 685 3932 supra
701 3861 788 3919 Pnns
803 3862 840 3930 tl,
853 3859 952 3937 Caput
967 3875 990 3930 1,
1005 3865 1087 3933 quod
1099 3863 1242 3919 Goethius
1256 3863 1294 3920 de
1309 3878 1366 3921 suo
1381 3864 1479 3933 ipsius
1493 3877 1583 3934 opero

467 3961 675 4032 promittendo
689 3961 822 4030 scripsit.

498 4061 510 4097 ¹
527 4059 573 4117 Ct.
590 4058 690 4116 Plauti
705 4060 853 4130 adagium
869 4061 900 4115 in
917 4057 1120 4116 Curculione:

695 4178 708 4210 «
733 4157 876 4214 Flamma
892 4159 976 4214 tumo
990 4162 1038 4214 est
1053 4159 1191 4228 proxima
1210 4179 1234 4216 t.

465 4259 565 4315 Etiam
584 4257 657 4313 ittud
674 4256 813 4326 protinus
826 4257 913 4312 addit
928 4260 1037 4326 pocta:

621 4375 635 4407 ι
657 4354 755 4410 Fumo
770 4356 908 4411 comburi
924 4355 1000 4411 nihil
1015 4359 1126 4424 potest,
1142 4355 1270 4411 flamma
1285 4360 1386 4426 potest
1402 4375 1427 4412 r.

494 4455 507 4491 ⁸
524 4455 557 4511 tn
573 4457 678 4510 nostra
693 4454 900 4524 pulcherrima
915 4456 946 4508 et
971 4454 1130 4510 rarissima
1144 4453 1337 4527 adeptorum
1351 4452 1581 4511 Rounnrrsru-

461 4565 563 4611 ruunt
577 4553 712 4610 editione
721 4567 758 4608 ex
773 4565 854 4608 anno
872 4563 1017 4619 uonvrn,
1030 4549 1181 4608 chiliadis
1195 4551 1302 4622 primae
1314 4552 1452 4610 centuria
1461 4552 1579 4622 quinta.

462 4669 492 4723 p.
509 4651 571 4710 162.
