3680 5612
508 1223 779 1342 PAUCA
824 1225 898 1338 ΙΝ
940 1219 1120 1338 FINE

678 1659 685 1680 ι
699 1645 748 1684 und
762 1642 867 1684 manche
876 1641 941 1682 liobe
953 1643 1069 1683 schutten
1082 1641 1178 1689 stelgen
1191 1640 1246 1685 aut:

678 1723 685 1741 ι
698 1706 783 1748 Glelcn
796 1708 865 1747 einer
877 1706 945 1746 alten
957 1706 1195 1754 natbverktungnen
1207 1707 1270 1750 Sane

678 1783 685 1804 ι
700 1771 799 1810 Kommt
808 1770 874 1809 erste
882 1769 948 1810 Lteo’
959 1769 1008 1808 und
1017 1767 1195 1808 rreuncscuan
1205 1767 1250 1807 mtt
1258 1766 1351 1807 nerant.
1366 1779 1373 1800 ·

995 1849 1090 1896 (Fruar.
1102 1849 1249 1896 Zuer'pnunp,
1259 1856 1282 1886 v.
1289 1848 1327 1894 u).

308 2129 497 2205 Goethiani
517 2131 641 2228 operis
659 2150 798 2224 genere
821 2127 967 2202 dicendi
985 2135 1183 2225 perspecto
1204 2149 1249 2201 ac
1270 2127 1372 2201 diiu-

262 2256 398 2348 dicat0,
420 2256 659 2351 propositum
683 2262 857 2329 nostrum
877 2253 1125 2351 explevimus.
1167 2253 1252 2327 Tria
1275 2253 1375 2326 enirn

263 2380 548 2476 exquisivimus,
563 2379 702 2475 quibus
720 2380 927 2474 legentium
948 2379 1065 2453 animi
1085 2379 1134 2452 ad
1155 2379 1241 2452 vitae
1263 2379 1377 2453 ratio-

263 2527 351 2580 nem
370 2505 429 2577 vel
448 2505 603 2598 bonam,
628 2504 685 2577 vel
705 2504 861 2596 matam,
883 2503 1029 2576 incitari
1048 2503 1197 2600 possint
1221 2527 1228 2574 :
1254 2525 1377 2600 crpu-

264 2635 438 2703 mentum
466 2630 559 2715 dico,
590 2652 726 2702 rerum
761 2629 1062 2719 tractationem,
1095 2625 1370 2701 elocutionem.

312 2754 448 2829 Paucis
467 2755 580 2850 igitur
603 2755 741 2847 verbiS,
767 2754 977 2848 iisdemque
1008 2753 1149 2850 apertis
1183 2760 1221 2826 et
1251 2753 1374 2845 clariS,

264 2881 515 2974 quaestionem
536 2878 758 2970 enodemus,
780 2899 896 2972 quarn
916 2876 1098 2973 principio
1124 2875 1238 2948 libelli
1257 2876 1379 2949 nostri

263 3003 374 3077 nobis
393 3003 615 3078 solvendam
634 3003 917 3099 proposuimus.

312 3129 420 3214 Quod
446 3129 495 3202 ad
526 3128 609 3201 libri
640 3129 838 3202 materiam
868 3128 1042 3224 pertinet,
1069 3125 1244 3201 Goethius
1269 3133 1377 3223 turpe

265 3255 352 3328 boni
373 3254 596 3349 honestique
612 3252 746 3327 calcati
764 3253 906 3327 crimen
926 3252 1059 3346 effugit
1081 3277 1089 3324 :
1120 3253 1239 3325 immo
1258 3253 1379 3326 multa

265 3381 410 3454 suntin
429 3375 722 3480 Affinitcttbus
743 3375 922 3450 eiecticis
943 3399 1029 3473 quae
1047 3377 1261 3471 legentibus
1283 3379 1380 3451 truc-

266 3505 321 3578 tui
344 3513 383 3578 et
406 3505 607 3579 commodo
633 3525 718 3578 esse
737 3504 898 3601 possint,
921 3503 1128 3576 dummodo
1159 3503 1209 3576 ab
1240 3503 1379 3578 adultis

267 3629 453 3722 legantur,
477 3630 553 3724 qui,
578 3629 654 3702 iam
676 3649 815 3721 magno
841 3629 929 3702 vitae
954 3648 1068 3701 cursu
1093 3627 1222 3719 iuneti,
1246 3628 1380 3700 eadem

268 3755 408 3851 experti
429 3762 518 3828 sunt
538 3775 624 3850 quae
644 3754 781 3826 Goethii
807 3773 993 3849 personae.

316 3881 440 3953 Etiam
466 3879 568 3974 quod
591 3878 639 3952 ad
663 3877 849 3952 scribendi
880 3897 1002 3971 genus
1030 3878 1176 3968 attinet,
1206 3877 1380 3950 eamdem

267 4005 494 4078 urbanitatis
514 4005 800 4098 honestatisque
820 4024 951 4076 curam
973 4009 1087 4096 atque
1103 4003 1140 4074 in
1155 4002 1270 4075 rebus
1289 4003 1382 4098 ipsis

267 4130 494 4204 invenimus.

317 4256 428 4329 Modo
442 4255 480 4328 in
493 4256 662 4329 materiae
679 4255 903 4330 tractatione
915 4275 1117 4348 rerumque
1137 4253 1382 4350 explicatione

270 4389 359 4455 sunt
387 4381 568 4456 nonnulla
592 4421 636 4432 -
658 4381 825 4472 minime,
849 4382 973 4471 credo,
1000 4403 1043 4452 ex
1068 4387 1170 4452 certo
1191 4379 1383 4475 scriptoris

218 4575 220 4580 ,
272 4508 464 4604 proposito
485 4547 530 4558 —
555 4528 641 4602 quae
666 4506 836 4580 moribus
855 4501 1037 4580 damnum
1062 4505 1196 4578 afferre
1221 4505 1379 4600 possint.
