3654 5644
946 880 1122 942 -tiu-

482 1011 710 1087 ineluctabili
731 1012 808 1086 lere
821 1013 897 1087 lato
908 1011 1066 1087 ludibrio
1078 1033 1178 1107 esse,
1192 1013 1361 1088 videlicet
1373 1015 1464 1110 quia
1477 1033 1592 1086 omne
1661 1067 1680 1092 .

482 1160 506 1212 a
534 1137 660 1234 puella
691 1137 832 1210 crimen
864 1158 1042 1212 amovere
1072 1137 1233 1212 volebat.
1269 1138 1341 1212 Sed
1376 1157 1592 1233 numquam

481 1262 545 1358 qui
564 1269 694 1337 nostro
714 1269 882 1359 tempore
903 1264 992 1338 ficta
1009 1262 1177 1338 scribunt
1194 1263 1243 1337 ad
1258 1269 1338 1337 tam
1356 1263 1487 1337 faciles
1500 1283 1592 1336 con-

481 1387 610 1481 fugere
634 1388 741 1462 doles
769 1387 958 1462 deberent.
998 1389 1139 1480 Puella,
1167 1409 1254 1484 quae
1278 1409 1429 1482 magnae
1457 1387 1591 1461 domui

481 1512 623 1608 optime
642 1510 896 1606 gubernandae
916 1533 1155 1610 nequaquam
1175 1513 1298 1609 impar
1316 1519 1387 1604 est,
1406 1533 1492 1607 quae
1510 1512 1587 1586 sint

479 1655 551 1710 sua
572 1636 611 1709 in
630 1657 709 1730 eus,
734 1659 758 1711 a
777 1637 915 1733 quibus
937 1637 1118 1735 adoptata
1135 1637 1216 1730 luit,
1239 1637 1363 1711 cilicia
1381 1643 1483 1710 certe
1502 1656 1588 1732 per-

480 1761 624 1856 spicere
642 1762 840 1858 potuisset.
862 1762 968 1846 Quod
987 1761 1020 1836 si
1038 1762 1129 1854 latu,
1152 1763 1212 1835 cui
1233 1761 1337 1835 nulla
1355 1762 1391 1835 vi
1409 1760 1584 1836 resistere

479 1886 611 1982 possit,
634 1885 861 1982 impellatur,
883 1893 947 1981 qul
965 1885 1019 1978 fit,
1042 1907 1186 1982 quaeso,
1215 1894 1259 1960 ut
1287 1892 1367 1960 tam
1395 1886 1585 1982 sapienter

479 2017 633 2106 tamque
669 2011 826 2085 dilucide
859 2008 906 2084 de
937 2010 1174 2108 philosophia
1200 2010 1404 2105 multisque
1426 2009 1510 2084 aliis
1537 2010 1584 2083 de

479 2134 593 2209 rebus
611 2135 751 2210 scribat
765 2141 782 2206 ‘l
796 2135 902 2219 Quod
921 2135 953 2208 si
972 2143 1101 2209 autem
1121 2135 1305 2209 dictorum
1322 2135 1584 2228 laetorumque

478 2259 617 2332 bonam
648 2260 800 2333 reddere
830 2260 1014 2334 rationem
1041 2259 1165 2353 debet,
1190 2265 1254 2354 qul
1280 2259 1322 2332 lit
1346 2265 1387 2333 ut
1409 2257 1582 2332 Goethius

478 2404 564 2458 eam
601 2384 823 2458 innocentiae
859 2404 940 2459 suae
977 2384 1205 2459 conscientia
1240 2383 1444 2459 sustentari
1485 2403 1579 2456 con-

478 2509 606 2582 tendat
624 2513 642 2580 ‘l

525 2633 725 2726 Nimirum,
756 2632 860 2706 utin
888 2633 1018 2708 multis
1042 2631 1127 2708 aliis
1154 2633 1440 2707 Goethianorum
1469 2630 1580 2706 libro-

478 2779 561 2830 rum
575 2757 759 2854 partibus,
774 2758 828 2832 sic
846 2757 884 2830 in
902 2758 974 2831 huc
992 2756 1074 2832 loco
1094 2777 1155 2832 res
1167 2763 1394 2832 concurrunt
1415 2756 1578 2834 maxime

476 2880 673 2954 cuntrariae
694 2905 703 2952 ε
725 2903 813 2954 cum
845 2902 892 2954 ea
922 2903 1008 2976 quae
1030 2883 1068 2954 in
1092 2881 1227 2957 Ottiliae
1260 2881 1408 2956 tabellis
1440 2881 1579 2978 scripta

475 3013 564 3079 sunt
582 3005 706 3098 relert,
719 3005 891 3080 Goetbius
904 3013 942 3080 et
953 3025 1048 3080 sana
1065 3014 1104 3079 et
1117 3007 1220 3081 aetati
1239 3007 1442 3101 animoque
1452 3005 1576 3099 magis

474 3129 568 3203 virili
587 3151 703 3225 quam
723 3129 896 3203 muliebri
914 3137 1168 3206 consentanea
1185 3131 1379 3228 proponit;
1402 3152 1490 3205 cum
1510 3151 1577 3204 au-

473 3259 551 3327 tem
569 3253 703 3329 Ottiliae
719 3254 838 3351 ipsius
856 3262 1031 3330 naturam
1051 3256 1238 3349 describit,
1253 3255 1432 3352 puellam,
1445 3276 1576 3329 veram

472 3384 509 3451 et
529 3399 673 3453 meram
692 3378 870 3474 puellam,
888 3379 1029 3453 libidini
1047 3379 1275 3477 arbitrioque
1294 3380 1450 3454 minime
1465 3379 1576 3454 resis-

472 3511 612 3578 tentem
631 3510 669 3577 et
684 3503 835 3599 qualem
854 3505 1012 3600 scriptor
1029 3525 1105 3578 non
1121 3525 1235 3578 unam
1247 3505 1285 3578 in
1297 3503 1448 3578 iuvenili
1464 3510 1575 3578 aetate

471 3628 727 3718 adamaverat,
752 3627 904 3702 inducit.
940 3627 1155 3724 Saepissime
1178 3627 1292 3720 enim,
1325 3635 1367 3702 ut
1395 3627 1572 3719 vidimuS,

470 3751 561 3826 dum
580 3751 745 3826 Ottiliam
764 3751 874 3824 nobis
895 3749 1026 3846 pingit,
1048 3750 1107 3823 vel
1131 3749 1371 3844 Fridericam,
1392 3750 1452 3826 vel
1480 3752 1576 3825 Car—

470 3877 604 3950 luttam
622 3875 711 3950 Bull
726 3875 784 3948 vel
803 3875 1013 3972 praesertim
1036 3875 1204 3950 Minnam
1223 3875 1396 3951 Herzlieb
1419 3875 1573 3970 cogitat.

470 4001 634 4076 Ottiliam
651 4000 764 4094 igitur
783 4020 857 4072 non
877 3999 957 4073 sine
973 4021 1103 4073 amore
1115 4000 1246 4096 pingit,
1255 3999 1577 4096 quemadmodum

470 4133 507 4200 et
522 4124 696 4199 Eduardo
709 4124 895 4198 interdum
912 4124 1045 4198 eadem
1060 4125 1186 4198 studia
1197 4124 1424 4221 praebuerat,
1439 4124 1578 4222 quibus

468 4251 562 4348 ipse,
585 4251 730 4325 iuvenis
749 4249 884 4340 adbuc,
906 4269 1090 4323 accensus
1110 4248 1244 4324 luerat.

517 4377 706 4468 Ceterum,
729 4375 828 4448 utin
851 4373 1016 4448 Eduardi
1043 4373 1253 4468 Ottiliaeque
1279 4394 1410 4449 amore
1438 4373 1577 4469 aliquid

468 4500 558 4574 mali
577 4499 804 4597 periculique
823 4497 934 4592 inest,
955 4497 1009 4572 sic
1028 4497 1103 4572 alia
1120 4497 1158 4571 in
1176 4498 1270 4573 libro
1295 4521 1416 4596 prava
1441 4499 1574 4593 legen-

468 4625 642 4721 tibusque
662 4645 736 4699 nun
755 4623 885 4697 leviter
904 4621 1104 4696 nocituras
