3680 5612
745 881 920 942 -tts-

185 1093 189 1101 ,
280 1013 359 1088 das
392 1012 510 1088 holde
549 1014 706 1109 Wesen,
742 1012 817 1088 der
841 1011 960 1087 holde
991 1011 1176 1111 Koerper.
1209 1010 1262 1083 »¹
1291 1010 1386 1096 Quid

278 1141 375 1233 dico,
393 1140 495 1216 addit
507 1141 623 1214 etiam
635 1141 809 1237 insuper:
830 1164 849 1210 v
870 1136 946 1212 das
969 1135 1219 1211 himmlische
1237 1134 1351 1210 Kind
1365 1160 1385 1208 »

280 1266 338 1361 (ΙΙ,
355 1264 475 1360 xv111).
509 1265 649 1339 Puellae
680 1272 813 1360 gestus
843 1284 993 1360 quoque
1025 1263 1068 1336 nt
1095 1286 1115 1333 «
1136 1261 1224 1335 eine
1246 1260 1387 1334 himm-

281 1387 408 1462 lisclce
425 1387 672 1487 Βειοεριιηθ2
700 1414 735 1463 n.

328 1515 524 1599 Quomodo
543 1515 657 1609 igitur
675 1515 756 1588 haec
775 1520 889 1610 atque
910 1511 997 1587 talis
1015 1511 1140 1607 puella
1164 1510 1389 1607 ascriptore

281 1639 364 1736 ipso
387 1639 566 1737 primum,
592 1640 723 1713 deinde
743 1661 767 1713 a
788 1638 1002 1733 legentibus
1024 1657 1100 1711 non
1123 1643 1329 1729 amaretur,
1354 1636 1389 1710 si

283 1764 336 1838 ite
354 1764 456 1860 loqui
474 1769 712 1860 possumus?
730 1764 926 1850 Quomodo
946 1763 1060 1837 etiam
1080 1763 1118 1835 in
1142 1761 1300 1856 legendo
1320 1781 1391 1834 nos

284 1908 360 1962 non
389 1889 535 1983 lugeret
562 1890 677 1966 huius
704 1889 900 1985 exquisitae
931 1887 1068 1986 puellae
1097 1907 1268 1962 amorem
1303 1905 1389 1961 esse

284 2014 529 2087 vehementer
564 2014 912 2111 reprehendendum
949 2013 1009 2088 vel
1047 2033 1134 2087 cum
1171 2010 1390 2086 Eduardnm

286 2138 417 2235 procul
435 2162 460 2213 a
478 2159 520 2214 se
539 2146 704 2213 amovet.

330 2265 469 2359 Atque,
491 2271 533 2338 ut
551 2263 716 2338 Eduardi
739 2264 850 2361 culpa
877 2262 943 2338 tibi
962 2262 1113 2358 gravior
1130 2259 1330 2354 videbitur,
1359 2259 1392 2334 si

284 2388 419 2462 Ottiliae
450 2389 706 2463 condicionem
737 2389 927 2486 respicies,
953 2389 1007 2462 ita
1043 2407 1193 2483 quoque
1226 2385 1391 2484 puellam

287 2514 412 2608 magis
433 2514 650 2612 peccavisse
669 2512 834 2611 putabis
858 2512 999 2608 siquid
1023 2512 1095 2610 ipsi
1121 2533 1209 2586 oum
1228 2509 1393 2586 Carlotta

285 2637 334 2711 sit
364 2644 491 2712 tecum
519 2640 557 2712 in
585 2639 712 2714 animo
736 2636 918 2712 revolves,
947 2636 1099 2729 Orbata,
1126 2643 1164 2710 et
1192 2636 1253 2710 cui
1280 2635 1393 2709 unica

285 2782 374 2858 spes
390 2763 429 2836 in
445 2764 610 2838 Eduardi
625 2785 739 2838 uxore
756 2763 836 2856 luit,
852 2763 1018 2860 primum
1036 2782 1084 2836 ne
1098 2759 1291 2836 attendere
1311 2759 1392 2855 qui-

284 2886 371 2961 dem
391 2887 535 2963 videtur
549 2909 591 2963 se
606 2889 814 2987 pessimam
829 2888 880 2962 illi
896 2887 1042 2962 mulieri
1056 2887 1219 2981 gratiam
1239 2884 1389 2978 referre,

285 3012 345 3086 cui
363 3019 512 3087 tantum
531 3013 653 3088 debet.
675 3016 780 3087 Tunc
796 3013 909 3087 modo
925 3012 1140 3106 intellegere
1159 3011 1287 3107 incipit
1304 3012 1393 3084 Car-

285 3135 419 3211 lottam
438 3139 483 3212 de
498 3159 541 3214 se
555 3159 640 3214 esse
660 3138 800 3236 optime
819 3137 1008 3230 meritam,
1021 3158 1109 3211 cum
1123 3136 1294 3211 eiusdem
1305 3137 1394 3209 Car-

285 3260 388 3335 lottae
405 3262 528 3338 infans
550 3264 588 3336 in
607 3263 733 3338 lacum
753 3263 884 3338 cecidit
902 3263 1038 3338 Ottiliae
1061 3261 1172 3357 culpa
1190 3260 1388 3359 periitque.

287 3370 384 3460 Cum
411 3395 540 3462 autem
559 3389 654 3464 satis
675 3388 896 3482 intellegens
918 3387 1188 3486 perspicaxque
1209 3385 1257 3460 sit
1281 3391 1324 3458 ut
1348 3384 1393 3458 de

289 3511 487 3608 sapientia,
509 3513 554 3586 de
569 3535 774 3611 puerorum
795 3512 1028 3588 institutione
1047 3518 1161 3606 atque
1179 3511 1224 3584 de
1239 3509 1394 3607 pulchro

289 3637 407 3733 perite
427 3637 600 3732 disserat,
622 3661 689 3712 our
707 3659 780 3712 non
801 3639 873 3712 hoc
890 3638 1030 3734 pariter
1048 3635 1162 3712 sentit
1175 3655 1217 3710 se
1232 3634 1396 3730 graviter

289 3780 447 3857 peccare
470 3770 509 3836 et
531 3761 622 3836 dum
646 3763 810 3838 Eduardi
833 3762 1003 3838 animum
1025 3784 1049 3837 a
1072 3759 1238 3836 Carlotta
1261 3757 1396 3834 avertit

289 3893 326 3960 et
347 3885 439 3960 dum
460 3908 551 3983 erga
566 3886 763 3962 mulierem
783 3887 923 3986 optime
941 3887 987 3962 de
1003 3907 1045 3962 se
1062 3885 1237 3960 meritam
1251 3885 1396 3980 ingrate

291 4031 333 4086 se
353 4011 483 4105 gerit?

336 4136 490 4212 Scimus
516 4137 708 4213 Goethium
732 4139 771 4212 id
793 4137 958 4230 linxisse,
989 4135 1155 4213 Ottiliam
1182 4133 1309 4211 nescio
1338 4132 1399 4207 cui

323 4389 333 4425 ⁴
355 4387 531 4462 Affinitatee
547 4389 688 4456 elective,
704 4390 741 4456 ll,
757 4402 827 4456 xrv;
844 4391 882 4448 el.
894 4389 930 4454 ll,
942 4402 1003 4447 x111
1019 4391 1062 4457 (in
1076 4389 1161 4455 finel:
1179 4386 1402 4445 «inraciones

295 4485 428 4544 Gemuit
448 4507 473 4543 r.

326 4583 339 4619 ¹
357 4583 531 4658 Affinitates
546 4584 730 4655 electivae,ll,
746 4597 841 4643 xvnr.
854 4583 899 4642 Cf.
911 4587 991 4655 quod
1004 4585 1164 4644 Eduardus
1174 4587 1240 4657 ipse
1253 4587 1292 4642 de
1301 4585 1402 4655 puella

293 4683 489 4743 amatissima
503 4685 593 4742 dixit:
611 4703 624 4738 e
641 4682 712 4741 dein
727 4683 858 4740 schoenec
871 4682 967 4742 Selbst
982 4702 995 4736 r
1012 4685 1060 4753 (ll,
1076 4689 1156 4751 xvi).
