3680 5612
737 829 915 890 -ttt—

276 961 491 1058 exemplum
522 963 637 1036 huius
668 963 841 1037 utilitatis
877 964 949 1036 hoc
986 963 1068 1036 loco
1103 963 1237 1036 afferre
1273 963 1380 1038 libet.

276 1088 463 1182 Namque,
487 1129 532 1142 -
552 1095 590 1162 et
609 1088 681 1162 hoc
700 1094 971 1182 argumentum
990 1088 1038 1161 ad
1067 1087 1304 1185 probandum
1324 1089 1385 1160 fir·

277 1212 377 1286 mius
408 1212 669 1309 valentiusque
694 1231 778 1288 esse
811 1212 1001 1286 credimus
1030 1253 1076 1264 -
1101 1213 1188 1287 ficta
1213 1213 1276 1287 illa
1300 1215 1386 1286 Goe-

279 1337 407 1411 thiana
435 1338 592 1412 historia
623 1337 813 1434 persuasit
845 1337 1035 1411 Zachariae
1063 1341 1264 1430 Werner0,
1296 1344 1386 1411 tunc

279 1463 414 1536 Romae
438 1463 609 1557 degenti,
640 1470 682 1536 ut
710 1462 876 1560 peccatis
905 1462 1085 1535 nuncium
1114 1463 1321 1536 remitteret
1349 1467 1387 1534 et

279 1593 422 1660 rectam
449 1587 551 1662 viam
575 1587 652 1662 iam
678 1587 785 1684 sequi
809 1586 939 1679 vellet,
967 1587 1290 1682 quemadmodum
1313 1586 1386 1682 ipsi
1410 1581 1413 1588 ’

280 1711 428 1785 Goethio
448 1712 507 1786 hic
526 1714 705 1787 narravit.

327 1837 421 1920 Quid
452 1838 566 1933 igitur
600 1860 728 1913 causae
763 1847 821 1915 est
851 1863 919 1914 cur
951 1840 1011 1912 hic
1040 1837 1132 1911 liber
1161 1838 1280 1910 lectus
1311 1855 1386 1908 non

278 1963 397 2037 semel
411 1963 550 2039 animis
563 1967 665 2039 nullo
678 1965 790 2039 modo
803 1965 1077 2061 praeoccupatis
1090 1971 1127 2037 et
1139 1962 1256 2037 nostri
1272 1962 1387 2057 scrip·

278 2088 369 2161 toris
388 2089 516 2184 potius
531 2090 743 2164 fautoribus
757 2091 985 2188 displicuerit
997 2097 1035 2163 et
1047 2088 1173 2162 nescio
1189 2087 1277 2182 quid
1291 2085 1387 2182 peri-

278 2213 396 2288 culosi
425 2214 564 2289 habere
584 2216 688 2290 visus
714 2216 798 2290 sit‘l
822 2219 925 2290 Num
953 2214 1053 2288 enim
1075 2211 1233 2309 judices,
1265 2231 1386 2306 neque

277 2338 405 2412 iniusti
429 2340 581 2434 quidem
605 2341 664 2413 vel
688 2340 878 2433 illitterati,
901 2340 978 2434 qui,
1003 2358 1178 2413 severam
1209 2334 1304 2408 bene
1334 2334 1388 2405 vi-

279 2464 386 2537 vendi
406 2465 591 2538 rationem
611 2466 866 2562 respicientes,
880 2465 952 2537 hoc
973 2485 1069 2560 opus
1088 2471 1169 2536 tam
1188 2461 1388 2534 vehemen-
1487 2460 1489 2466 ’

279 2596 335 2663 ter
363 2589 670 2686 vituperaverunt
697 2591 1075 2686 repudiaveruntque,
1090 2609 1194 2680 num,
1215 2586 1384 2681 inquam,

278 2713 329 2786 illi
348 2715 490 2789 iudices
510 2715 617 2789 valde
636 2720 886 2789 erraverunt?

326 2842 407 2913 Hoc
435 2861 534 2913 nunc
563 2840 672 2914 nobis
696 2840 959 2936 inquirendum
985 2845 1156 2911 remanet
1178 2860 1186 2908 :
1208 2835 1323 2911 altius
1349 2836 1388 2906 in

277 2964 360 3038 libri
389 2965 539 3059 singula
558 2986 718 3061 quaeque
738 2963 1022 3061 penetrabimus
1050 2969 1163 3057 atque
1191 2984 1240 3035 an
1261 2961 1388 3034 omnia

276 3091 313 3163 in
333 3091 404 3165 hac
425 3092 514 3165 ficta
531 3091 689 3164 historia
714 3077 813 3162 bono
834 3088 1027 3185 scriptoris
1051 3087 1207 3161 consilio
1230 3107 1389 3179 magno·

276 3236 349 3311 que
377 3217 542 3289 duarum
569 3216 849 3313 praecipuarum
869 3214 1143 3288 sententiarum
1162 3212 1281 3308 pretio
1301 3232 1389 3284 con-

277 3341 442 3436 cordent,
465 3363 596 3434 necne,
617 3339 954 3416 considerabimus

312 4522 321 4557 ¹
342 4524 379 4590 V.
397 4523 577 4590 numanus,
593 4523 674 4582 chi
688 4525 844 4591 Bodobrte,
860 4525 950 4596 p.188
958 4540 1004 4596 sq.
