3576 5622
715 760 872 822 ..Μ-

237 898 361 971 licebit
396 899 583 972 rationem
622 905 660 971 et
693 897 793 970 viam
833 897 1024 989 adhibere,
1063 920 1179 995 quam
1217 898 1268 970 illi
1302 921 1347 972 ex

237 1023 431 1118 magistris
451 1023 593 1096 nostris
613 1021 810 1113 debemus,
834 1022 897 1116 qui
917 1023 1123 1119 plurimum
1143 1024 1191 1098 ad
1209 1024 1347 1117 ingenii

238 1149 356 1224 nostri
380 1149 541 1222 formam
565 1147 781 1240 fingendam
806 1146 943 1220 valuitl
967 1154 1005 1221 et
1028 1169 1141 1242 quem
1165 1157 1347 1246 tanquam

239 1275 374 1348 ducem
394 1273 635 1350 carissimum
654 1273 861 1368 sequimur,
877 1273 944 1346 sed
963 1272 1078 1347 etiarn
1094 1273 1242 1350 libellus
1262 1295 1349 1348 nos-

241 1407 297 1474 ter
317 1399 383 1472 tibi
402 1405 489 1473 ante
510 1399 640 1472 oculos
659 1404 774 1493 ponet
793 1418 879 1493 quae
897 1398 1050 1471 vitanda
1069 1399 1161 1490 sint;
1175 1407 1348 1473 nosmet-

241 1525 346 1620 ipsos
357 1524 550 1598 adiuvabit
561 1521 609 1596 ad
621 1523 806 1619 optimam
818 1522 1024 1596 disserendi
1040 1523 1224 1597 rationem
1243 1546 1349 1620 repe-

241 1650 427 1740 riendam;
453 1647 630 1722 indicabit
652 1648 812 1721 tortasse
838 1647 940 1720 viam
959 1655 1103 1721 rectam
1127 1655 1165 1722 et
1184 1649 1348 1722 mediam

240 1775 336 1847 inter
354 1773 642 1846 admirationem
661 1771 952 1845 immoderatam
972 1793 1118 1864 eorum,
1132 1775 1197 1868 qui
1215 1795 1350 1870 appro-

239 1900 330 1972 bant
360 1917 611 1993 quaecumque
642 1897 792 1993 scripsit
821 1897 875 1969 vir
910 1897 1004 1970 tanti
1035 1897 1187 1991 ingenii,
1219 1899 1350 1994 quanti

237 2024 422 2114 Gmthius‚
438 2029 475 2096 et
489 2023 585 2095 inter
602 2022 781 2096 acerbam
795 2043 927 2095 eorum
942 2021 1266 2114 obtrectationem,
1285 2024 1347 2118 qui

237 2169 283 2220 ex
311 2169 383 2222 sua
408 2148 577 2244 ipsorum
602 2155 739 2220 natura
766 2153 879 2241 atque
910 2145 1080 2220 moribus
1104 2147 1350 2243 scriptoribus

238 2273 442 2370 praecipere
467 2273 635 2368 cupiunt,
663 2292 739 2344 non
763 2272 889 2346 solum
913 2271 1002 2367 quid
1032 2271 1270 2346 sentiendum
1300 2273 1350 2346 sit

240 2398 285 2470 de
304 2398 454 2489 virtute,
476 2396 678 2471 sedetiam
699 2417 775 2492 qua
796 2397 940 2470 ratione
960 2395 1173 2492 quibusque
1198 2397 1268 2470 viis
1287 2395 1351 2470 illa

241 2521 449 2618 expetenda
473 2521 534 2596 sit.
562 2522 764 2613 Praeterea,
791 2543 879 2594 cum
904 2521 941 2592 in
965 2520 1182 2595 hominibus
1210 2521 1351 2617 pariter

241 2647 361 2720 doctis
380 2654 417 2720 et
436 2644 683 2743 prudentibus
702 2653 739 2718 et
758 2646 913 2740 integris
933 2653 988 2720 tot
1008 2653 1163 2742 tamque
1182 2645 1351 2721 diversas

241 2771 448 2846 sententias
477 2771 695 2864 viderimus
727 2770 1017 2844 admonebimur
1045 2771 1206 2846 fortasse
1235 2791 1281 2844 ne
1312 2770 1351 2842 in

239 2896 438 2970 iudicando
459 2896 667 2970 severiores
677 2896 800 2970 simus
812 2917 905 2970 neve
916 2895 1111 2970 sententiis
1124 2895 1350 2969 immodera-

240 3021 289 3095 tis
302 3021 522 3115 iudiciisque
538 3020 842 3116 implacabilibus
855 3020 1103 3110 confidamus,
1119 3027 1232 3115 atque
1247 3041 1350 3093 com-

239 3145 431 3242 periemus
444 3146 674 3240 quaestiones
687 3145 851 3220 morales
862 3145 976 3219 latius
996 3145 1197 3241 procedere
1209 3152 1247 3218 et
1260 3145 1350 3219 sub-

241 3270 382 3344 tiliores
402 3277 439 3343 et
458 3270 731 3345 disserentibus
749 3270 975 3344 difficiliores
996 3290 1081 3344 esse
1098 3291 1214 3366 quarn
1227 3270 1350 3344 adhuc

240 3395 472 3491 putavimus,

274 4519 282 4552 ¹
300 4517 483 4574 Parisiensis
498 4519 651 4590 professor
662 4517 809 4626 {trucetas
825 4519 1064 4596 Liclztenborper.
