3680 5612
852 999 1075 1078 CAPUT
1113 1000 1169 1076 III

635 1169 763 1252 QUID
810 1169 1074 1242 PERIGULI
1128 1163 1393 1241 ΗΑΒΕΑΝΤ

786 1311 992 1384 SINGULA
1017 1310 1230 1394 QUAEQUE

721 1453 774 1526 IN
810 1453 1104 1527 GOETHIANO
1135 1451 1298 1526 LIBRO

1057 1665 1065 1687 ι
1080 1653 1109 1692 so
1122 1651 1154 1692 ist
1164 1652 1204 1691 dle
1216 1651 1289 1692 nebo
1297 1649 1449 1693 beschanen.
1459 1649 1518 1690 dass
1528 1650 1564 1690 sic

1035 1714 1114 1754 allam
1128 1713 1205 1753 neoni
1217 1721 1247 1753 zu
1260 1713 1341 1753 haben
1354 1712 1441 1762 ginubt
1451 1712 1500 1752 und
1514 1713 1564 1753 nile

1036 1777 1132 1817 andern
1145 1776 1236 1816 Rachia
1244 1783 1290 1816 vor
1301 1774 1538 1816 lhrverscuwlnden
1547 1787 1564 1811 ι.
1630 1781 1632 1784 ·

1288 1839 1344 1886 (m.
1357 1839 1426 1878 elect.
1439 1839 1457 1882 Ι.
1468 1837 1518 1884 xu.)

1057 1938 1129 1978 «nas
1142 1936 1312 1977 mensohllcne
1331 1937 1393 1976 flarz
1410 1935 1442 1976 ist
1459 1943 1509 1975 von
1520 1934 1565 1974 der

1035 2002 1081 2042 nrt.
1095 2000 1155 2040 dass
1167 2008 1196 2040 cs
1207 1999 1261 2040 sich
1272 1999 1312 2038 tur
1322 1999 1362 2039 dle
1375 1997 1515 2037 blebenden
1528 1997 1565 2036 ln-

1034 2063 1149 2104 teresslrt
1166 2061 1214 2101 und
1235 2062 1283 2101 deu
1297 2061 1372 2101 lhnon
1391 2062 1566 2108 comagenam-

1035 2125 1134 2165 henden
1150 2124 1332 2165 fllndcrmssan
1350 2123 1419 2164 nicht
1434 2123 1492 2163 hold
1508 2122 1540 2162 ist
1548 2136 1564 2159 ι.

1331 2187 1509 2226 scnwmmmus.

1122 2248 1565 2296 (ϋῑῖ.01ιανα1εε.,ιιυοοσιινιι.μετ.)

504 2378 553 2449 Ut
571 2375 665 2448 liber
683 2376 932 2450 informandis
950 2376 1121 2451 moribus
1140 2377 1243 2450 utilis
1256 2376 1327 2449 dici
1340 2375 1474 2473 possit,
1488 2395 1563 2448 non

454 2501 549 2575 satis
567 2508 626 2577 est
645 2523 784 2598 purum
804 2522 889 2576 esse
908 2503 1102 2599 scriptoris
1121 2483 1321 2576 consilium
1340 2501 1399 2574 vel
1422 2500 1563 2595 grande

453 2625 593 2721 aliquid
628 2625 768 2700 habere
804 2626 1005 2723 praecipuae
1037 2628 1234 2701 sententiae
1267 2651 1276 2698 :
1312 2625 1412 2700 bona
1447 2625 1563 2698 etiam

453 2757 565 2824 sunto
597 2757 635 2823 et
668 2751 850 2825 salutaria
883 2752 922 2824 in
959 2751 1031 2825 hoc
1069 2772 1181 2847 opere
1209 2751 1359 2844 singula
1386 2770 1558 2846 quaeque.

452 2876 551 2948 Nam
571 2874 636 2947 ubi
655 2875 691 2948 in
710 2875 860 2972 scriptis
877 2897 967 2973 pars
995 2877 1184 2971 quaedam,
1212 2875 1272 2948 vel
1292 2875 1461 2967 minima,
1498 2874 1564 2948 ali-

454 2997 542 3093 quid
566 2999 656 3072 mali
679 2999 966 3096 periculosique,
990 3001 1047 3074 vel
1073 3001 1191 3075 inscio
1211 3000 1405 3097 scriptore,
1431 2999 1558 3093 habet,

453 3145 529 3196 non
548 3143 640 3197 sane
659 3124 741 3198 haec
759 3125 900 3222 scripta
916 3126 1068 3199 omnino
1085 3126 1133 3199 ad
1145 3125 1287 3202 honum
1304 3125 1478 3200 homines
1495 3125 1563 3197 du-

454 3269 538 3322 cere
557 3269 671 3345 posse
690 3249 880 3324 affirmare
900 3235 1037 3324 licebit.

504 3375 678 3447 Haeccine
710 3381 840 3449 autem
858 3382 917 3450 cst
941 3375 1036 3468 libri,
1059 3376 1105 3448 de
1124 3395 1199 3471 quo
1218 3374 1454 3467 disserimus
1475 3395 1564 3448 con·

456 3497 552 3571 dicio
565 3503 583 3569 ‘i
595 3500 701 3584 Quod
717 3521 815 3573 nunc
830 3501 1115 3575 accuratissime
1132 3501 1424 3575 examinandum
1440 3507 1511 3574 est.

127 3655 209 3723 Qum
228 3665 416 3714 „mom
505 3622 564 3696 Sic
601 3624 701 3696 enim
731 3645 816 3698 sese
849 3646 910 3700 res
944 3625 1059 3700 habet
1090 3650 1099 3698 ε
1134 3647 1353 3722 quanquam
1390 3625 1563 3699 Goethius

206 3764 335 3810 mom
456 3747 624 3840 legentes
650 3749 791 3845 saepius
824 3751 1003 3824 admonet
1022 3757 1059 3823 et
1079 3751 1126 3825 ad
1152 3772 1283 3825 veram
1303 3750 1398 3823 bene
1416 3748 1563 3846 vivendi

114 3852 314 3912 duranno·
333 3864 429 3912 ΜΒ
456 3872 641 3946 rationem
671 3874 869 3967 revocat1,
902 3860 1122 3971 quanquam
1152 3876 1241 3970 quid
1271 3875 1320 3950 sii
1348 3874 1562 3973 pulchrum,

489 4107 498 4142 ⁴
516 4106 552 4163 V.
574 4106 596 4170 1,
618 4119 693 4162 xm:
715 4103 849 4161 «Koum
863 4104 947 4162 hatte
961 4104 1005 4162 sie
1018 4108 1061 4174 [id
1076 4112 1124 4163 est
1139 4105 1256 4175 ouilia]
1275 4121 1304 4162 ca
1318 4107 1429 4180 qesoqi,
1447 4105 1492 4161 als
1514 4104 1566 4160 ilo·

452 4202 544 4258 sehon
559 4203 613 4258 der
627 4203 711 4259 Geist
723 4203 911 4276 nullumodo,
928 4203 998 4260 dass
1012 4203 1056 4259 sio
1070 4203 1158 4260 oaecre
1171 4204 1340 4279 sclrwciqon
1354 4203 1506 4261 sodon...»
1519 4203 1565 4274 Cf,

451 4302 543 4360 etiam
558 4316 669 4372 supra:
687 4321 700 4355 α
717 4299 782 4358 Dor
796 4299 875 4358 Hoss
889 4301 929 4358 isi
935 4301 1115 4377 partoiiacd,
1131 4300 1203 4359 odor
1219 4300 1269 4358 die
1283 4301 1371 4358 Licha
1384 4300 1425 4360 iat
1444 4317 1474 4358 cs
1487 4301 1563 4358 noch

452 4399 540 4456 mehr
556 4418 582 4456 ι.

487 4499 509 4566 Ι,
526 4511 597 4555 xm:
615 4496 706 4555 «Dos
717 4497 888 4556 AEusserste
898 4499 968 4573 lieqt
979 4499 1033 4556 der
1047 4498 1260 4572 Leideoschast
1270 4517 1311 4556 au
1321 4499 1564 4557 olleroaechsc...»

452 4594 498 4652 CI.
514 4597 537 4662 1,
553 4609 585 4655 x.
