<?xml version="1.0" encoding="UTF-8"?>
<!DOCTYPE html PUBLIC "-//W3C//DTD XHTML 1.0 Transitional//EN"
    "http://www.w3.org/TR/xhtml1/DTD/xhtml1-transitional.dtd">
<html xmlns="http://www.w3.org/1999/xhtml" xml:lang="en" lang="en">
 <head>
  <title>
</title>
<meta http-equiv="Content-Type" content="text/html;charset=utf-8" />
  <meta name='ocr-system' content='tesseract 3.04.00' />
  <meta name='ocr-capabilities' content='ocr_page ocr_carea ocr_par ocr_line ocrx_word'/>
</head>
<body>
  <div class='ocr_page' id='page_1' title='image "./quidbonipericul00schogoog_0083.png"; bbox 0 0 3654 5644; ppageno 0'>
   <div class='ocr_carea' id='block_1_1' title="bbox 111 2683 424 2954">
    <p class='ocr_par' dir='ltr' id='par_1_1' title="bbox 111 2683 424 2954">
     <span class='ocr_line' id='line_1_1' title="bbox 211 2683 324 2744; baseline 0.018 -2"><span class='ocrx_word' id='word_1_1' title='bbox 211 2683 324 2744; x_wconf 75' lang='lat' dir='ltr'>cons</span> 
     </span>
     <span class='ocr_line' id='line_1_2' title="bbox 111 2785 424 2842; baseline 0.006 -4"><span class='ocrx_word' id='word_1_2' title='bbox 111 2805 124 2838; x_wconf 71' lang='lat' dir='ltr'><em>a</em></span> <span class='ocrx_word' id='word_1_3' title='bbox 144 2785 389 2842; x_wconf 81' lang='lat' dir='ltr'>Monusnsmrr</span> <span class='ocrx_word' id='word_1_4' title='bbox 410 2803 424 2840; x_wconf 67' lang='lat' dir='ltr'>o</span> 
     </span>
     <span class='ocr_line' id='line_1_3' title="bbox 144 2883 390 2954; baseline 0.004 -13"><span class='ocrx_word' id='word_1_5' title='bbox 144 2883 228 2954; x_wconf 82' lang='lat' dir='ltr'>Sept.</span> <span class='ocrx_word' id='word_1_6' title='bbox 248 2895 390 2944; x_wconf 82' lang='lat' dir='ltr'>unocorx</span> 
     </span>
    </p>
   </div>
   <div class='ocr_carea' id='block_1_2' title="bbox 925 767 1084 830">
    <p class='ocr_par' dir='ltr' id='par_1_2' title="bbox 925 767 1084 830">
     <span class='ocr_line' id='line_1_4' title="bbox 925 767 1084 830; baseline -0.006 -15"><span class='ocrx_word' id='word_1_7' title='bbox 925 767 1084 830; x_wconf 58' lang='grc'>..75-</span> 
     </span>
    </p>
   </div>
   <div class='ocr_carea' id='block_1_3' title="bbox 449 899 1589 4244">
    <p class='ocr_par' dir='ltr' id='par_1_3' title="bbox 450 899 1589 1128">
     <span class='ocr_line' id='line_1_5' title="bbox 450 899 1589 1006; baseline -0.01 -24"><span class='ocrx_word' id='word_1_8' title='bbox 450 907 644 1006; x_wconf 87' lang='lat' dir='ltr'>prodesse,</span> <span class='ocrx_word' id='word_1_9' title='bbox 657 905 834 1002; x_wconf 84' lang='lat' dir='ltr'>quamvis</span> <span class='ocrx_word' id='word_1_10' title='bbox 848 924 980 978; x_wconf 91' lang='lat' dir='ltr'>eorum</span> <span class='ocrx_word' id='word_1_11' title='bbox 996 924 1124 978; x_wconf 87' lang='lat' dir='ltr'>mores</span> <span class='ocrx_word' id='word_1_12' title='bbox 1132 903 1393 977; x_wconf 88' lang='lat' dir='ltr'>emendandos</span> <span class='ocrx_word' id='word_1_13' title='bbox 1406 899 1589 975; x_wconf 87' lang='lat' dir='ltr'>minime</span> 
     </span>
     <span class='ocr_line' id='line_1_6' title="bbox 450 1030 794 1128; baseline -0.017 -19"><span class='ocrx_word' id='word_1_14' title='bbox 450 1033 522 1110; x_wconf 88' lang='lat' dir='ltr'><strong>sibi</strong></span> <span class='ocrx_word' id='word_1_15' title='bbox 542 1030 794 1128; x_wconf 78' lang='lat' dir='ltr'>proposuerit.</span> 
     </span>
    </p>

    <p class='ocr_par' dir='ltr' id='par_1_4' title="bbox 449 1149 1588 1605">
     <span class='ocr_line' id='line_1_7' title="bbox 498 1149 1588 1250; baseline -0.007 -20"><span class='ocrx_word' id='word_1_16' title='bbox 498 1156 751 1230; x_wconf 83' lang='lat' dir='ltr'>Nihilominus</span> <span class='ocrx_word' id='word_1_17' title='bbox 770 1161 898 1228; x_wconf 82' lang='lat' dir='ltr'>lamen</span> <span class='ocrx_word' id='word_1_18' title='bbox 917 1154 1055 1228; x_wconf 85' lang='lat' dir='ltr'>Goethii</span> <span class='ocrx_word' id='word_1_19' title='bbox 1070 1153 1117 1226; x_wconf 86' lang='lat' dir='ltr'>de</span> <span class='ocrx_word' id='word_1_20' title='bbox 1131 1153 1322 1250; x_wconf 88' lang='lat' dir='ltr'>suiipsius</span> <span class='ocrx_word' id='word_1_21' title='bbox 1336 1173 1450 1250; x_wconf 89' lang='lat' dir='ltr'>opere</span> <span class='ocrx_word' id='word_1_22' title='bbox 1471 1149 1588 1224; x_wconf 92' lang='lat' dir='ltr'>iudi-</span> 
     </span>
     <span class='ocr_line' id='line_1_8' title="bbox 450 1275 1585 1374; baseline -0.007 -18"><span class='ocrx_word' id='word_1_23' title='bbox 450 1283 550 1356; x_wconf 89' lang='lat' dir='ltr'>cium</span> <span class='ocrx_word' id='word_1_24' title='bbox 571 1280 706 1354; x_wconf 94' lang='lat' dir='ltr'>iudicio</span> <span class='ocrx_word' id='word_1_25' title='bbox 726 1287 857 1354; x_wconf 90' lang='lat' dir='ltr'>nostro</span> <span class='ocrx_word' id='word_1_26' title='bbox 873 1300 948 1352; x_wconf 93' lang='lat' dir='ltr'>non</span> <span class='ocrx_word' id='word_1_27' title='bbox 961 1279 1043 1354; x_wconf 89' lang='lat' dir='ltr'>sine</span> <span class='ocrx_word' id='word_1_28' title='bbox 1063 1279 1230 1374; x_wconf 83' lang='lat' dir='ltr'>quodam</span> <span class='ocrx_word' id='word_1_29' title='bbox 1252 1278 1476 1352; x_wconf 85' lang='lat' dir='ltr'>adiumento</span> <span class='ocrx_word' id='word_1_30' title='bbox 1501 1275 1585 1348; x_wconf 89' lang='lat' dir='ltr'>erit</span> 
     </span>
     <span class='ocr_line' id='line_1_9' title="bbox 449 1400 1583 1500; baseline -0.006 -20"><span class='ocrx_word' id='word_1_31' title='bbox 449 1405 498 1480; x_wconf 85' lang='lat' dir='ltr'>ad</span> <span class='ocrx_word' id='word_1_32' title='bbox 518 1404 824 1500; x_wconf 78' lang='lat' dir='ltr'>cognoscendum</span> <span class='ocrx_word' id='word_1_33' title='bbox 848 1403 937 1498; x_wconf 93' lang='lat' dir='ltr'>quid</span> <span class='ocrx_word' id='word_1_34' title='bbox 962 1403 1087 1477; x_wconf 86' lang='lat' dir='ltr'>valeat</span> <span class='ocrx_word' id='word_1_35' title='bbox 1110 1402 1206 1476; x_wconf 89' lang='lat' dir='ltr'>liber</span> <span class='ocrx_word' id='word_1_36' title='bbox 1227 1402 1274 1476; x_wconf 88' lang='lat' dir='ltr'>de</span> <span class='ocrx_word' id='word_1_37' title='bbox 1297 1423 1374 1497; x_wconf 89' lang='lat' dir='ltr'>quo</span> <span class='ocrx_word' id='word_1_38' title='bbox 1402 1400 1583 1476; x_wconf 88' lang='lat' dir='ltr'>disseri-</span> 
     </span>
     <span class='ocr_line' id='line_1_10' title="bbox 450 1551 551 1605; baseline 0 -1"><span class='ocrx_word' id='word_1_39' title='bbox 450 1551 551 1605; x_wconf 87' lang='lat' dir='ltr'>mus.</span> 
     </span>
    </p>

    <p class='ocr_par' dir='ltr' id='par_1_5' title="bbox 450 1649 1579 2626">
     <span class='ocr_line' id='line_1_11' title="bbox 498 1649 1578 1750; baseline -0.007 -20"><span class='ocrx_word' id='word_1_40' title='bbox 498 1651 793 1750; x_wconf 67' lang='lat' dir='ltr'>inquirentibus</span> <span class='ocrx_word' id='word_1_41' title='bbox 822 1651 932 1726; x_wconf 91' lang='lat' dir='ltr'>nobis</span> <span class='ocrx_word' id='word_1_42' title='bbox 960 1651 1049 1748; x_wconf 90' lang='lat' dir='ltr'>quid</span> <span class='ocrx_word' id='word_1_43' title='bbox 1077 1651 1252 1726; x_wconf 85' lang='lat' dir='ltr'>Goethius</span> <span class='ocrx_word' id='word_1_44' title='bbox 1284 1651 1330 1726; x_wconf 91' lang='lat' dir='ltr'>de</span> <span class='ocrx_word' id='word_1_45' title='bbox 1360 1649 1456 1725; x_wconf 91' lang='lat' dir='ltr'>libro</span> <span class='ocrx_word' id='word_1_46' title='bbox 1489 1671 1578 1725; x_wconf 89' lang='lat' dir='ltr'>suo</span> 
     </span>
     <span class='ocr_line' id='line_1_12' title="bbox 450 1775 1579 1871; baseline -0.004 -18"><span class='ocrx_word' id='word_1_47' title='bbox 450 1778 610 1854; x_wconf 83' lang='lat' dir='ltr'>senserit</span> <span class='ocrx_word' id='word_1_48' title='bbox 621 1777 804 1871; x_wconf 81' lang='lat' dir='ltr'>contingit</span> <span class='ocrx_word' id='word_1_49' title='bbox 815 1775 973 1850; x_wconf 84' lang='lat' dir='ltr'>meliora</span> <span class='ocrx_word' id='word_1_50' title='bbox 984 1775 1201 1851; x_wconf 83' lang='lat' dir='ltr'>testimonia</span> <span class='ocrx_word' id='word_1_51' title='bbox 1215 1776 1369 1868; x_wconf 82' lang='lat' dir='ltr'>habere,</span> <span class='ocrx_word' id='word_1_52' title='bbox 1382 1797 1503 1871; x_wconf 85' lang='lat' dir='ltr'>quam</span> <span class='ocrx_word' id='word_1_53' title='bbox 1522 1795 1579 1848; x_wconf 85' lang='lat' dir='ltr'>ea</span> 
     </span>
     <span class='ocr_line' id='line_1_13' title="bbox 450 1883 1574 1998; baseline -0.004 -21"><span class='ocrx_word' id='word_1_54' title='bbox 450 1925 537 1998; x_wconf 85' lang='lat' dir='ltr'>quae</span> <span class='ocrx_word' id='word_1_55' title='bbox 562 1901 677 1976; x_wconf 87' lang='lat' dir='ltr'>critici</span> <span class='ocrx_word' id='word_1_56' title='bbox 703 1901 952 1994; x_wconf 84' lang='lat' dir='ltr'>tradiderunt,</span> <span class='ocrx_word' id='word_1_57' title='bbox 980 1919 1143 1996; x_wconf 91' lang='lat' dir='ltr'>quorum</span> <span class='ocrx_word' id='word_1_58' title='bbox 1173 1883 1333 1994; x_wconf 82' lang='lat' dir='ltr'>iudicia,</span> <span class='ocrx_word' id='word_1_59' title='bbox 1372 1909 1574 1996; x_wconf 83' lang='lat' dir='ltr'>quantum</span> 
     </span>
     <span class='ocr_line' id='line_1_14' title="bbox 450 2023 1574 2123; baseline -0.004 -21"><span class='ocrx_word' id='word_1_60' title='bbox 450 2028 547 2102; x_wconf 88' lang='lat' dir='ltr'>inter</span> <span class='ocrx_word' id='word_1_61' title='bbox 581 2049 623 2102; x_wconf 91' lang='lat' dir='ltr'>se</span> <span class='ocrx_word' id='word_1_62' title='bbox 657 2027 882 2123; x_wconf 82' lang='lat' dir='ltr'>discrepent,</span> <span class='ocrx_word' id='word_1_63' title='bbox 918 2025 1042 2123; x_wconf 82' lang='lat' dir='ltr'>prima</span> <span class='ocrx_word' id='word_1_64' title='bbox 1075 2026 1113 2098; x_wconf 94' lang='lat' dir='ltr'>in</span> <span class='ocrx_word' id='word_1_65' title='bbox 1148 2033 1254 2122; x_wconf 84' lang='lat' dir='ltr'>parte</span> <span class='ocrx_word' id='word_1_66' title='bbox 1297 2023 1412 2100; x_wconf 90' lang='lat' dir='ltr'>huius</span> <span class='ocrx_word' id='word_1_67' title='bbox 1447 2025 1574 2100; x_wconf 87' lang='lat' dir='ltr'>libelli</span> 
     </span>
     <span class='ocr_line' id='line_1_15' title="bbox 451 2151 1571 2250; baseline -0.002 -24"><span class='ocrx_word' id='word_1_68' title='bbox 451 2153 591 2250; x_wconf 85' lang='lat' dir='ltr'>experti</span> <span class='ocrx_word' id='word_1_69' title='bbox 611 2173 760 2227; x_wconf 92' lang='lat' dir='ltr'>sumus.</span> <span class='ocrx_word' id='word_1_70' title='bbox 782 2155 843 2246; x_wconf 86' lang='lat' dir='ltr'>At,</span> <span class='ocrx_word' id='word_1_71' title='bbox 869 2152 1193 2246; x_wconf 85' lang='lat' dir='ltr'>quemadmodum</span> <span class='ocrx_word' id='word_1_72' title='bbox 1216 2151 1385 2225; x_wconf 87' lang='lat' dir='ltr'>virorum</span> <span class='ocrx_word' id='word_1_73' title='bbox 1407 2151 1571 2225; x_wconf 87' lang='lat' dir='ltr'>critico-</span> 
     </span>
     <span class='ocr_line' id='line_1_16' title="bbox 451 2277 1568 2376; baseline -0.002 -24"><span class='ocrx_word' id='word_1_74' title='bbox 451 2299 550 2371; x_wconf 86' lang='lat' dir='ltr'>rum,</span> <span class='ocrx_word' id='word_1_75' title='bbox 568 2279 621 2353; x_wconf 87' lang='lat' dir='ltr'>ita</span> <span class='ocrx_word' id='word_1_76' title='bbox 640 2277 776 2352; x_wconf 81' lang='lat' dir='ltr'>Goethii</span> <span class='ocrx_word' id='word_1_77' title='bbox 796 2278 915 2375; x_wconf 90' lang='lat' dir='ltr'>ipsius</span> <span class='ocrx_word' id='word_1_78' title='bbox 945 2277 1082 2351; x_wconf 85' lang='lat' dir='ltr'>iudicia</span> <span class='ocrx_word' id='word_1_79' title='bbox 1112 2277 1158 2350; x_wconf 89' lang='lat' dir='ltr'>de</span> <span class='ocrx_word' id='word_1_80' title='bbox 1177 2299 1248 2352; x_wconf 90' lang='lat' dir='ltr'>suo</span> <span class='ocrx_word' id='word_1_81' title='bbox 1269 2299 1382 2376; x_wconf 89' lang='lat' dir='ltr'>opere</span> <span class='ocrx_word' id='word_1_82' title='bbox 1404 2278 1568 2366; x_wconf 89' lang='lat' dir='ltr'>minime</span> 
     </span>
     <span class='ocr_line' id='line_1_17' title="bbox 451 2403 1566 2499; baseline 0 -23"><span class='ocrx_word' id='word_1_83' title='bbox 451 2403 547 2477; x_wconf 83' lang='lat' dir='ltr'>inter</span> <span class='ocrx_word' id='word_1_84' title='bbox 566 2424 608 2478; x_wconf 90' lang='lat' dir='ltr'>se</span> <span class='ocrx_word' id='word_1_85' title='bbox 627 2403 867 2478; x_wconf 85' lang='lat' dir='ltr'>consentiunt</span> <span class='ocrx_word' id='word_1_86' title='bbox 886 2410 923 2476; x_wconf 86' lang='lat' dir='ltr'>et</span> <span class='ocrx_word' id='word_1_87' title='bbox 942 2403 1087 2477; x_wconf 82' lang='lat' dir='ltr'>ratione</span> <span class='ocrx_word' id='word_1_88' title='bbox 1107 2403 1257 2479; x_wconf 84' lang='lat' dir='ltr'>diversa</span> <span class='ocrx_word' id='word_1_89' title='bbox 1275 2403 1431 2497; x_wconf 85' lang='lat' dir='ltr'>intelligi</span> <span class='ocrx_word' id='word_1_90' title='bbox 1443 2410 1566 2499; x_wconf 86' lang='lat' dir='ltr'>atque</span> 
     </span>
     <span class='ocr_line' id='line_1_18' title="bbox 452 2528 819 2626; baseline 0 -26"><span class='ocrx_word' id='word_1_91' title='bbox 452 2528 627 2626; x_wconf 83' lang='lat' dir='ltr'>explicari</span> <span class='ocrx_word' id='word_1_92' title='bbox 646 2534 819 2624; x_wconf 89' lang='lat' dir='ltr'>possunt.</span> 
     </span>
    </p>

    <p class='ocr_par' dir='ltr' id='par_1_6' title="bbox 451 2645 1565 4244">
     <span class='ocr_line' id='line_1_19' title="bbox 500 2645 1565 2750; baseline 0.002 -23"><span class='ocrx_word' id='word_1_93' title='bbox 500 2655 553 2728; x_wconf 81' lang='lat' dir='ltr'>Ac</span> <span class='ocrx_word' id='word_1_94' title='bbox 580 2653 746 2750; x_wconf 90' lang='lat' dir='ltr'>primum</span> <span class='ocrx_word' id='word_1_95' title='bbox 775 2652 822 2726; x_wconf 84' lang='lat' dir='ltr'>ad</span> <span class='ocrx_word' id='word_1_96' title='bbox 851 2673 922 2726; x_wconf 93' lang='lat' dir='ltr'>nos</span> <span class='ocrx_word' id='word_1_97' title='bbox 949 2645 1202 2749; x_wconf 84' lang='lat' dir='ltr'>pervenerunt</span> <span class='ocrx_word' id='word_1_98' title='bbox 1233 2653 1411 2749; x_wconf 80' lang='lat' dir='ltr'>quaedam</span> <span class='ocrx_word' id='word_1_99' title='bbox 1439 2653 1565 2750; x_wconf 90' lang='lat' dir='ltr'>ipsius</span> 
     </span>
     <span class='ocr_line' id='line_1_20' title="bbox 452 2776 1565 2875; baseline -0.002 -21"><span class='ocrx_word' id='word_1_100' title='bbox 452 2777 645 2875; x_wconf 88' lang='lat' dir='ltr'>scriptoris</span> <span class='ocrx_word' id='word_1_101' title='bbox 668 2776 801 2850; x_wconf 85' lang='lat' dir='ltr'>verba.</span> <span class='ocrx_word' id='word_1_102' title='bbox 828 2778 998 2860; x_wconf 87' lang='lat' dir='ltr'>Quorum</span> <span class='ocrx_word' id='word_1_103' title='bbox 1021 2777 1160 2874; x_wconf 84' lang='lat' dir='ltr'>prima,</span> <span class='ocrx_word' id='word_1_104' title='bbox 1188 2799 1273 2872; x_wconf 82' lang='lat' dir='ltr'>quae</span> <span class='ocrx_word' id='word_1_105' title='bbox 1302 2778 1454 2873; x_wconf 89' lang='lat' dir='ltr'>quidem</span> <span class='ocrx_word' id='word_1_106' title='bbox 1482 2798 1565 2852; x_wconf 89' lang='lat' dir='ltr'>scr-</span> 
     </span>
     <span class='ocr_line' id='line_1_21' title="bbox 453 2901 1564 3000; baseline 0.001 -23"><span class='ocrx_word' id='word_1_107' title='bbox 453 2909 543 2977; x_wconf 83' lang='lat' dir='ltr'>vata</span> <span class='ocrx_word' id='word_1_108' title='bbox 558 2902 646 2994; x_wconf 86' lang='lat' dir='ltr'>sint,</span> <span class='ocrx_word' id='word_1_109' title='bbox 669 2901 841 2974; x_wconf 88' lang='lat' dir='ltr'>videntur</span> <span class='ocrx_word' id='word_1_110' title='bbox 860 2922 945 2976; x_wconf 87' lang='lat' dir='ltr'>esse</span> <span class='ocrx_word' id='word_1_111' title='bbox 969 2902 1040 2976; x_wconf 89' lang='lat' dir='ltr'>hoc</span> <span class='ocrx_word' id='word_1_112' title='bbox 1064 2903 1243 2976; x_wconf 85' lang='lat' dir='ltr'>iudicium</span> <span class='ocrx_word' id='word_1_113' title='bbox 1267 2903 1312 2998; x_wconf 83' lang='lat' dir='ltr'>de</span> <span class='ocrx_word' id='word_1_114' title='bbox 1341 2924 1413 2978; x_wconf 91' lang='lat' dir='ltr'>suo</span> <span class='ocrx_word' id='word_1_115' title='bbox 1440 2903 1564 3000; x_wconf 90' lang='lat' dir='ltr'>ipsius</span> 
     </span>
     <span class='ocr_line' id='line_1_22' title="bbox 452 3026 1563 3125; baseline 0.003 -24"><span class='ocrx_word' id='word_1_116' title='bbox 452 3049 565 3125; x_wconf 88' lang='lat' dir='ltr'>opere</span> <span class='ocrx_word' id='word_1_117' title='bbox 597 3026 863 3124; x_wconf 86' lang='lat' dir='ltr'>promittend0,</span> <span class='ocrx_word' id='word_1_118' title='bbox 894 3027 994 3121; x_wconf 93' lang='lat' dir='ltr'>quod</span> <span class='ocrx_word' id='word_1_119' title='bbox 1027 3027 1143 3122; x_wconf 88' lang='lat' dir='ltr'>pridie</span> <span class='ocrx_word' id='word_1_120' title='bbox 1170 3030 1302 3103; x_wconf 85' lang='lat' dir='ltr'>Nonas</span> <span class='ocrx_word' id='word_1_121' title='bbox 1329 3028 1563 3125; x_wconf 89' lang='lat' dir='ltr'>Septembris</span> 
     </span>
     <span class='ocr_line' id='line_1_23' title="bbox 452 3149 1557 3246; baseline 0.001 -20"><span class='ocrx_word' id='word_1_122' title='bbox 452 3153 539 3227; x_wconf 85' lang='lat' dir='ltr'>anni</span> <span class='ocrx_word' id='word_1_123' title='bbox 578 3173 731 3226; x_wconf 84' lang='lat' dir='ltr'>uncocrx</span> <span class='ocrx_word' id='word_1_124' title='bbox 761 3151 954 3224; x_wconf 85' lang='lat' dir='ltr'>mandavit</span> <span class='ocrx_word' id='word_1_125' title='bbox 986 3177 1005 3222; x_wconf 77' lang='lat' dir='ltr'>c</span> <span class='ocrx_word' id='word_1_126' title='bbox 1033 3150 1151 3224; x_wconf 81' lang='lat' dir='ltr'>Actis</span> <span class='ocrx_word' id='word_1_127' title='bbox 1182 3149 1390 3226; x_wconf 81' lang='lat' dir='ltr'>diurnis»</span> <span class='ocrx_word' id='word_1_128' title='bbox 1425 3155 1557 3246; x_wconf 84' lang='lat' dir='ltr'>Cottae,</span> 
     </span>
     <span class='ocr_line' id='line_1_24' title="bbox 452 3274 1557 3372; baseline 0 -22"><span class='ocrx_word' id='word_1_129' title='bbox 452 3277 516 3372; x_wconf 90' lang='lat' dir='ltr'>qui</span> <span class='ocrx_word' id='word_1_130' title='bbox 546 3275 684 3350; x_wconf 84' lang='lat' dir='ltr'>Goethii</span> <span class='ocrx_word' id='word_1_131' title='bbox 715 3297 829 3372; x_wconf 86' lang='lat' dir='ltr'>opera</span> <span class='ocrx_word' id='word_1_132' title='bbox 855 3274 1000 3349; x_wconf 84' lang='lat' dir='ltr'>edenda</span> <span class='ocrx_word' id='word_1_133' title='bbox 1030 3275 1213 3351; x_wconf 82' lang='lat' dir='ltr'>curabat.</span> <span class='ocrx_word' id='word_1_134' title='bbox 1247 3302 1267 3346; x_wconf 91' lang='lat'>«</span> <span class='ocrx_word' id='word_1_135' title='bbox 1306 3278 1359 3351; x_wconf 88' lang='lat' dir='ltr'>Es</span> <span class='ocrx_word' id='word_1_136' title='bbox 1395 3277 1557 3369; x_wconf 90' lang='lat' dir='ltr'>scheint,</span> 
     </span>
     <span class='ocr_line' id='line_1_25' title="bbox 451 3399 1560 3498; baseline 0 -24"><span class='ocrx_word' id='word_1_137' title='bbox 451 3401 584 3497; x_wconf 90' lang='lat' dir='ltr'>inquit,</span> <span class='ocrx_word' id='word_1_138' title='bbox 606 3400 696 3474; x_wconf 84' lang='lat' dir='ltr'>dass</span> <span class='ocrx_word' id='word_1_139' title='bbox 716 3399 787 3472; x_wconf 85' lang='lat' dir='ltr'>den</span> <span class='ocrx_word' id='word_1_140' title='bbox 806 3399 1004 3474; x_wconf 85' lang='lat' dir='ltr'>Verlasser</span> <span class='ocrx_word' id='word_1_141' title='bbox 1023 3401 1126 3474; x_wconf 83' lang='lat' dir='ltr'>scine</span> <span class='ocrx_word' id='word_1_142' title='bbox 1148 3400 1413 3494; x_wconf 82' lang='lat' dir='ltr'>lortgesetzteu</span> <span class='ocrx_word' id='word_1_143' title='bbox 1434 3401 1560 3498; x_wconf 84' lang='lat' dir='ltr'>physi-</span> 
     </span>
     <span class='ocr_line' id='line_1_26' title="bbox 452 3523 1559 3601; baseline -0.004 0"><span class='ocrx_word' id='word_1_144' title='bbox 452 3525 568 3601; x_wconf 84' lang='lat' dir='ltr'>schen</span> <span class='ocrx_word' id='word_1_145' title='bbox 586 3523 763 3600; x_wconf 80' lang='lat' dir='ltr'>Arbeiten</span> <span class='ocrx_word' id='word_1_146' title='bbox 784 3547 828 3598; x_wconf 89' lang='lat' dir='ltr'>zu</span> <span class='ocrx_word' id='word_1_147' title='bbox 856 3525 942 3598; x_wconf 93' lang='lat' dir='ltr'>dem</span> <span class='ocrx_word' id='word_1_148' title='bbox 973 3525 1180 3600; x_wconf 80' lang='lat' dir='ltr'>seltsamen</span> <span class='ocrx_word' id='word_1_149' title='bbox 1209 3526 1304 3600; x_wconf 83' lang='lat' dir='ltr'>Titel</span> <span class='ocrx_word' id='word_1_150' title='bbox 1326 3526 1391 3599; x_wconf 86' lang='lat' dir='ltr'>der</span> <span class='ocrx_word' id='word_1_151' title='bbox 1417 3523 1559 3600; x_wconf 82' lang='lat' dir='ltr'>Wohl-</span> 
     </span>
     <span class='ocr_line' id='line_1_27' title="bbox 451 3646 1559 3748; baseline 0.001 -26"><span class='ocrx_word' id='word_1_152' title='bbox 451 3646 871 3748; x_wconf 76' lang='lat' dir='ltr'>vcrcoondteckosten¹</span> <span class='ocrx_word' id='word_1_153' title='bbox 903 3649 1187 3726; x_wconf 83' lang='lat' dir='ltr'>veranlassten.</span> <span class='ocrx_word' id='word_1_154' title='bbox 1222 3652 1273 3724; x_wconf 86' lang='lat' dir='ltr'>Er</span> <span class='ocrx_word' id='word_1_155' title='bbox 1310 3650 1461 3724; x_wconf 90' lang='lat' dir='ltr'>mochte</span> <span class='ocrx_word' id='word_1_156' title='bbox 1494 3649 1559 3724; x_wconf 89' lang='lat' dir='ltr'>be-</span> 
     </span>
     <span class='ocr_line' id='line_1_28' title="bbox 452 3773 1559 3866; baseline 0.001 -19"><span class='ocrx_word' id='word_1_157' title='bbox 452 3773 574 3848; x_wconf 87' lang='lat' dir='ltr'>merkt</span> <span class='ocrx_word' id='word_1_158' title='bbox 593 3773 730 3866; x_wconf 87' lang='lat' dir='ltr'>haben,</span> <span class='ocrx_word' id='word_1_159' title='bbox 749 3774 838 3849; x_wconf 87' lang='lat' dir='ltr'>dass</span> <span class='ocrx_word' id='word_1_160' title='bbox 858 3795 947 3848; x_wconf 88' lang='lat' dir='ltr'>man</span> <span class='ocrx_word' id='word_1_161' title='bbox 972 3777 1010 3848; x_wconf 94' lang='lat' dir='ltr'>in</span> <span class='ocrx_word' id='word_1_162' title='bbox 1036 3775 1101 3848; x_wconf 87' lang='lat' dir='ltr'>der</span> <span class='ocrx_word' id='word_1_163' title='bbox 1123 3774 1348 3849; x_wconf 82' lang='lat' dir='ltr'>Naturlehre</span> <span class='ocrx_word' id='word_1_164' title='bbox 1372 3776 1452 3851; x_wconf 88' lang='lat' dir='ltr'>sich</span> <span class='ocrx_word' id='word_1_165' title='bbox 1471 3776 1559 3851; x_wconf 87' lang='lat' dir='ltr'>sehr</span> 
     </span>
     <span class='ocr_line' id='line_1_29' title="bbox 452 3897 1558 3992; baseline 0.003 -20"><span class='ocrx_word' id='word_1_166' title='bbox 452 3897 505 3972; x_wconf 85' lang='lat' dir='ltr'>oft</span> <span class='ocrx_word' id='word_1_167' title='bbox 524 3898 711 3974; x_wconf 88' lang='lat' dir='ltr'>ethisoher</span> <span class='ocrx_word' id='word_1_168' title='bbox 730 3899 961 3974; x_wconf 87' lang='lat' dir='ltr'>Gleiclmisse</span> <span class='ocrx_word' id='word_1_169' title='bbox 981 3899 1144 3992; x_wconf 88' lang='lat' dir='ltr'>bedient‚</span> <span class='ocrx_word' id='word_1_170' title='bbox 1166 3922 1232 3974; x_wconf 94' lang='lat' dir='ltr'>um</span> <span class='ocrx_word' id='word_1_171' title='bbox 1249 3908 1370 3976; x_wconf 84' lang='lat' dir='ltr'>etwas</span> <span class='ocrx_word' id='word_1_172' title='bbox 1379 3922 1453 3974; x_wconf 89' lang='lat' dir='ltr'>von</span> <span class='ocrx_word' id='word_1_173' title='bbox 1472 3901 1558 3975; x_wconf 91' lang='lat' dir='ltr'>dem</span> 
     </span>
     <span class='ocr_line' id='line_1_30' title="bbox 451 4017 1560 4100; baseline 0.003 -4"><span class='ocrx_word' id='word_1_174' title='bbox 451 4023 584 4098; x_wconf 87' lang='lat' dir='ltr'>Kreise</span> <span class='ocrx_word' id='word_1_175' title='bbox 605 4024 885 4098; x_wconf 88' lang='lat' dir='ltr'>menschlichen</span> <span class='ocrx_word' id='word_1_176' title='bbox 904 4017 1080 4099; x_wconf 87' lang='lat' dir='ltr'>Wissens</span> <span class='ocrx_word' id='word_1_177' title='bbox 1099 4025 1186 4098; x_wconf 85' lang='lat' dir='ltr'>weit</span> <span class='ocrx_word' id='word_1_178' title='bbox 1206 4025 1560 4100; x_wconf 82' lang='lat' dir='ltr'>Entlerntesnaeher</span> 
     </span>
     <span class='ocr_line' id='line_1_31' title="bbox 451 4147 1558 4244; baseline 0.002 -22"><span class='ocrx_word' id='word_1_179' title='bbox 451 4147 800 4244; x_wconf 83' lang='lat' dir='ltr'>heranzuhringen;</span> <span class='ocrx_word' id='word_1_180' title='bbox 823 4149 899 4224; x_wconf 92' lang='lat' dir='ltr'>und</span> <span class='ocrx_word' id='word_1_181' title='bbox 918 4171 961 4225; x_wconf 91' lang='lat' dir='ltr'>so</span> <span class='ocrx_word' id='word_1_182' title='bbox 981 4151 1048 4224; x_wconf 85' lang='lat' dir='ltr'>hat</span> <span class='ocrx_word' id='word_1_183' title='bbox 1066 4173 1107 4224; x_wconf 89' lang='lat' dir='ltr'>er</span> <span class='ocrx_word' id='word_1_184' title='bbox 1126 4151 1224 4224; x_wconf 86' lang='lat' dir='ltr'>auch</span> <span class='ocrx_word' id='word_1_185' title='bbox 1244 4152 1345 4224; x_wconf 91' lang='lat' dir='ltr'>wohl</span> <span class='ocrx_word' id='word_1_186' title='bbox 1372 4151 1410 4224; x_wconf 93' lang='lat' dir='ltr'>in</span> <span class='ocrx_word' id='word_1_187' title='bbox 1437 4152 1558 4226; x_wconf 88' lang='lat' dir='ltr'>ciuem</span> 
     </span>
    </p>
   </div>
   <div class='ocr_carea' id='block_1_4' title="bbox 446 4417 1558 4607">
    <p class='ocr_par' dir='ltr' id='par_1_7' title="bbox 446 4417 1558 4607">
     <span class='ocr_line' id='line_1_32' title="bbox 485 4417 1558 4509; baseline 0 -20"><span class='ocrx_word' id='word_1_188' title='bbox 485 4435 494 4470; x_wconf 79' lang='lat'>⁴</span> <span class='ocrx_word' id='word_1_189' title='bbox 512 4431 557 4490; x_wconf 87' lang='lat' dir='ltr'>Cl.</span> <span class='ocrx_word' id='word_1_190' title='bbox 574 4434 654 4502; x_wconf 87' lang='lat' dir='ltr'>quod</span> <span class='ocrx_word' id='word_1_191' title='bbox 671 4448 700 4503; x_wconf 88' lang='lat' dir='ltr'>p.</span> <span class='ocrx_word' id='word_1_192' title='bbox 712 4433 730 4490; x_wconf 84' lang='lat'>9</span> <span class='ocrx_word' id='word_1_193' title='bbox 744 4435 782 4490; x_wconf 87' lang='lat' dir='ltr'>de</span> <span class='ocrx_word' id='word_1_194' title='bbox 796 4433 951 4491; x_wconf 86' lang='lat' dir='ltr'>Torbernil</span> <span class='ocrx_word' id='word_1_195' title='bbox 966 4433 1054 4490; x_wconf 89' lang='lat' dir='ltr'>Ololli</span> <span class='ocrx_word' id='word_1_196' title='bbox 1070 4434 1255 4506; x_wconf 80' lang='lat' dir='ltr'>Bergmanni</span> <span class='ocrx_word' id='word_1_197' title='bbox 1266 4417 1383 4492; x_wconf 86' lang='lat' dir='ltr'>Suecici</span> <span class='ocrx_word' id='word_1_198' title='bbox 1399 4433 1558 4509; x_wconf 73' lang='lat' dir='ltr'>opusculis</span> 
     </span>
     <span class='ocr_line' id='line_1_33' title="bbox 446 4531 1186 4607; baseline 0.001 -21"><span class='ocrx_word' id='word_1_199' title='bbox 446 4531 590 4607; x_wconf 79' lang='lat' dir='ltr'>physicis,</span> <span class='ocrx_word' id='word_1_200' title='bbox 605 4531 745 4588; x_wconf 80' lang='lat' dir='ltr'>cltomicis</span> <span class='ocrx_word' id='word_1_201' title='bbox 761 4534 789 4588; x_wconf 78' lang='lat' dir='ltr'>ct</span> <span class='ocrx_word' id='word_1_202' title='bbox 805 4531 1029 4606; x_wconf 76' lang='lat' dir='ltr'>minorolopicis</span> <span class='ocrx_word' id='word_1_203' title='bbox 1044 4534 1186 4589; x_wconf 79' lang='lat' dir='ltr'>diximus</span> 
     </span>
    </p>
   </div>
   <div class='ocr_carea' id='block_1_5' title="bbox 0 0 1833 5636">
    <p class='ocr_par' dir='ltr' id='par_1_8' title="bbox 0 0 1833 5636">
     <span class='ocr_line' id='line_1_34' title="bbox 0 0 1833 5636; baseline 0 0"><span class='ocrx_word' id='word_1_204' title='bbox 0 0 1833 5636; x_wconf 95' lang='lat' dir='ltr'> </span> 
     </span>
    </p>
   </div>
  </div>
 </body>
</html>
