3576 5622
224 2489 391 2546 Gnavrnus

962 830 1120 890 ..42-

485 964 563 1037 heit
585 983 708 1057 gagen
742 963 811 1038 das
841 963 1065 1056 allgemeine
1097 965 1345 1058 Sittengesetz
1382 971 1592 1056 verstorsst

486 1089 572 1161 dem
591 1088 742 1162 Dichter
753 1086 1145 1186 snrvollstaendipen
1159 1086 1498 1186 Herausbildunq
1516 1086 1596 1162 und

495 1212 921 1310 Veranschaalichunp
948 1211 1024 1287 der
1047 1212 1138 1286 dem
1177 1212 1331 1287 Werlce
1354 1237 1405 1286 aa
1434 1212 1598 1292 Grande

484 1337 667 1436 pelepten
682 1337 890 1411 sittlicden
904 1337 1001 1411 Idee
1020 1338 1131 1412 nicht
1150 1321 1277 1412 alteia
1302 1337 1474 1423 erlanbt
1503 1361 1597 1412 son-

485 1461 588 1535 dern
607 1461 709 1536 wohl
728 1461 834 1536 uach
846 1462 1011 1560 qeboten
1029 1464 1116 1536 sein
1129 1461 1254 1537 lrann.
1267 1488 1286 1533 »

535 1590 723 1662 Praeterea
741 1589 890 1662 videtur
908 1593 1107 1682 Augustus
1125 1589 1415 1664 Kobersteinius
1430 1589 1502 1662 sibi
1517 1610 1599 1686 per-

487 1733 647 1788 suasum
680 1714 860 1789 habuisse
889 1717 1140 1811 quaestionem
1166 1715 1364 1806 moralem,
1388 1715 1420 1787 si
1448 1714 1599 1810 quidem

488 1839 533 1912 de
557 1839 706 1912 Goethio
727 1840 864 1932 agitur,
887 1839 1146 1913 subiciendam
1167 1859 1251 1914 esse
1279 1840 1372 1912 artis
1400 1847 1438 1912 et
1468 1839 1600 1934 logicae

487 1964 687 2061 praeceptis
705 1971 819 2058 atque
838 1965 1007 2058 legibus,
1030 1986 1117 2060 quae
1141 1965 1363 2061 scriptorem
1390 1971 1534 2057 cogunt
1560 1970 1602 2037 ut

490 2108 623 2162 omnes
642 2089 933 2183 consequentias
952 2090 1065 2162 ducat
1084 2111 1129 2162 ex
1153 2089 1216 2162 illa
1236 2089 1437 2180 sententia,
1480 2110 1599 2183 quam

490 2213 561 2287 sibi
586 2213 846 2308 exponendam
868 2215 1078 2311 proposuit,
1106 2235 1268 2310 eamque
1288 2213 1468 2288 omnibus
1489 2213 1604 2288 ratio·

491 2337 604 2414 nibus
624 2338 909 2412 accuratissime
932 2339 1104 2413 illustret.

542 2466 590 2536 Ut
600 2462 1084 2540 lloberstciniusGoethiani
1095 2463 1176 2536 libri
1186 2464 1447 2562 praestantiam
1462 2463 1500 2535 in
1516 2463 1604 2536 vitae

492 2587 625 2662 officiis
652 2587 883 2668 illustrandis
909 2585 1158 2684 peneraliter
1186 2589 1375 2680 indicavit,
1398 2589 1452 2662 sic
1481 2589 1525 2661 G.
1556 2589 1601 2661 G.

492 2714 681 2786 Guarinus
690 2713 778 2807 quid
797 2713 941 2786 valeret
956 2734 1052 2808 opus
1070 2714 1117 2786 ad
1137 2720 1367 2786 nostrornm
1383 2720 1605 2810 temporum

492 2837 666 2912 homines
689 2837 901 2912 edocendos
934 2839 970 2910 in
1009 2839 1132 2910 lucem
1174 2837 1362 2933 protulit¹.
1400 2837 1468 2911 Hic
1505 2837 1605 2910 enim

492 2970 601 3058 putat
624 2963 816 3036 Goethium
846 2963 916 3035 hoc
945 2961 1040 3035 libro
1069 2964 1151 3037 vias
1180 2983 1301 3036 novas
1333 2962 1475 3052 iniisse,
1509 2981 1607 3057 quas

492 3086 740 3178 Romnntici,
752 3088 816 3181 qui
832 3087 985 3181 quidem
1000 3109 1044 3160 eo
1063 3095 1232 3183 tempore
1247 3087 1445 3180 florebant,
1460 3089 1498 3160 in
1518 3087 1608 3160 Ger-

494 3233 695 3286 manorum
733 3212 877 3286 litteras
920 3219 1158 3307 aperuerant.
1200 3215 1296 3286 Cum
1333 3233 1423 3285 vero
1462 3231 1524 3285 res
1561 3233 1607 3284 ex

493 3337 613 3434 ipsius
639 3337 832 3432 scriptoris
857 3337 933 3410 vita
957 3344 1121 3432 sumptae
1145 3337 1282 3412 additae
1301 3337 1389 3429 sint,
1414 3337 1609 3410 existimat

494 3462 631 3534 Goethii
655 3482 752 3557 opus
769 3461 848 3534 fieri
864 3461 1054 3554 singulare
1074 3462 1264 3558 quoddam
1285 3461 1477 3557 exemplar
1495 3481 1608 3554 gene-

494 3587 547 3660 ris
561 3586 823 3679 recentissimi,
845 3587 985 3660 scilicet
1010 3587 1119 3660 fictae
1144 3587 1461 3678 narratiunculae,
1491 3606 1608 3680 quarn

496 3711 648 3807 quidem
684 3711 911 3786 recentiores
950 3737 969 3781 «
1003 3712 1191 3786 novellam
1231 3735 1250 3780 »
1283 3708 1605 3806 appellaveruntt.

496 3836 681 3910 Gervinus
718 3843 861 3929 autem,
902 3836 1039 3910 melius
1077 3858 1193 3931 quam
1235 3835 1537 3926 KobersteiniuS,
1570 3834 1609 3905 in

496 3961 620 4034 lucem
647 3961 801 4056 protulit
831 3962 932 4056 quod
966 3962 1103 4035 Goethii
1138 3960 1337 4036 scribentis
1369 3959 1606 4057 propositum

496 4086 618 4159 luerit.
634 4088 771 4160 Statuit
785 4089 885 4160 enim
902 4095 1027 4183 poeta,
1045 4086 1261 4180 germanico
1274 4085 1402 4158 critico
1413 4085 1447 4158 si
1460 4083 1608 4174 credaS,

497 4209 713 4276 nostrorum
743 4210 958 4299 temporum
976 4203 1161 4276 whomines
1192 4202 1478 4298 reprehendere,
1511 4199 1612 4295 quod

531 4456 731 4514 ¹Gesdn'clrlc
750 4457 805 4513 der
823 4458 985 4516 deutschen
999 4457 1162 4532 Diclrtunp,
1179 4459 1216 4522 V,
1232 4459 1325 4514 editio
1345 4459 1463 4528 quinta,
1486 4456 1610 4526 Lipsiae,

497 4568 717 4624 Mucccnxxm
735 4573 763 4626 p.
780 4557 833 4614 789
847 4573 894 4627 sq.

531 4655 542 4690 ²
559 4673 572 4706 r
589 4651 651 4708 Ein
666 4651 879 4710 Meisterstttclc
894 4654 949 4711 der
963 4671 1100 4712 nouerca
1114 4653 1316 4711 Novellistilc»
1333 4659 1374 4724 (p.
1391 4653 1466 4718 790).
