3680 5612
877 787 1031 846 ...82-

1392 863 1407 898 0

404 921 517 995 dum¹
541 923 695 1018 saepius
725 923 903 995 miratum
930 942 1015 994 esse
1044 927 1210 1016 poetam,
1237 921 1301 1014 qui
1332 920 1510 994 omnihus

313 1120 317 1127 ,
404 1046 488 1120 aliis
506 1047 544 1119 in
564 1045 679 1119 rebus
699 1052 778 1119 tam
797 1045 958 1136 facilem,
981 1052 1061 1118 tam
1080 1043 1338 1138 indulgentem
1355 1065 1397 1117 se
1416 1065 1512 1140 prae·

405 1171 521 1264 heret,
557 1193 645 1245 cum
676 1171 722 1244 de
747 1170 987 1246 matrimonio
1016 1176 1206 1264 ageretur,
1232 1177 1312 1248 tam
1336 1189 1510 1243 severam

404 1295 639 1393 disciplinam
659 1303 773 1390 atque
794 1295 903 1391 quasi
923 1296 1010 1368 vitae
1030 1315 1205 1368 normam
1224 1293 1372 1389 seqni.²

452 1502 544 1585 Quae
557 1499 685 1574 omnia
700 1499 930 1593 testimonia,
948 1499 1021 1573 nisi
1034 1499 1146 1595 plane
1160 1497 1409 1596 comprobant
1423 1498 1510 1572 Goe-

326 1667 330 1674 -
405 1625 527 1698 thium
547 1624 618 1698 sihi
638 1624 687 1698 ab
704 1625 808 1697 initio
821 1624 1058 1721 propositum
1072 1623 1253 1698 habuisse
1270 1630 1311 1696 ut
1329 1622 1424 1695 lihrn
1439 1643 1510 1696 sno

407 1749 634 1823 matrimonii
662 1749 876 1822 institutum
902 1755 1033 1822 contra
1056 1748 1294 1823 adversarios
1318 1747 1510 1822 obtrecta-

405 1882 582 1969 toresque
620 1874 845 1966 delenderel,
882 1872 993 1946 nohis
1030 1881 1157 1946 tamen
1195 1874 1351 1971 planum
1389 1872 1512 1946 lacere

342 2003 344 2008 '
406 1997 578 2072 videntur
606 2004 761 2095 poetam
781 1997 862 2072 sine
882 1997 995 2070 dubio
1019 1998 1056 2070 in
1081 1998 1209 2072 animo
1232 2019 1308 2070 nnn
1332 1996 1511 2072 hahuisse

406 2129 447 2195 ut
467 2122 681 2216 legentibus
700 2122 902 2196 divortium
923 2121 1248 2196 commendaret.⁸

453 2247 509 2320 Ad
529 2269 649 2354 mrum
669 2247 921 2342 eumdemque
943 2247 1055 2320 finem
1069 2269 1260 2342 unamque
1280 2254 1318 2320 et
1336 2246 1511 2320 camdem

393 2369 686 2446 'conclusionem
718 2373 939 2468 disceptatio
975 2378 1105 2446 nostra
1144 2372 1189 2444 de
1217 2371 1404 2445 Goethiani
1429 2369 1512 2443 libri

407 2497 565 2572 materia
584 2505 621 2570 ct
636 2497 768 2570 'tenore
788 2497 958 2571 ducenda
977 2505 1048 2572 est.

439 3397 448 3432 ¹
466 3395 501 3452 F.
517 3395 554 3451 V.
570 3393 785 3452 Rnrnninnns
799 3406 880 3449 anno
894 3404 1051 3450 nncecxn
1062 3394 1143 3450 diem
1159 3407 1337 3463 supremum
1348 3395 1432 3451 obiit.

439 3492 451 3529 ¹
469 3513 482 3546 ι
499 3493 559 3549 Der
574 3494 670 3565 selige
684 3492 837 3550 Reinhard
853 3492 884 3546 in
900 3491 1037 3548 Dresdcn
1050 3510 1074 3560 r,
1090 3496 1178 3563 sagte
1191 3507 1235 3556 er,
1252 3493 1436 3549 «wunderte
1446 3491 1511 3548 sich

405 3593 448 3648 cit
463 3594 538 3648 dher
553 3593 644 3655 mich,
660 3592 734 3647 dass
749 3591 798 3646 ich
814 3591 845 3645 in
860 3589 964 3660 Bezug
982 3590 1035 3646 aul
1049 3591 1098 3647 die
1118 3589 1182 3646 Ehe
1196 3606 1229 3646 εο
1247 3592 1368 3663 strenqa
1386 3588 1514 3646 Grund-
1574 3573 1580 3588 ¹

405 3691 493 3746 roelrc
508 3691 598 3758 habe,
610 3689 766 3745 waehrend
778 3689 826 3744 ich
841 3689 919 3744 doch
936 3689 967 3743 in
977 3689 1056 3744 allen
1072 3689 1200 3759 dhrigen
1216 3689 1336 3760 Dingen
1346 3702 1379 3743 ao
1389 3685 1514 3744 laesslich

405 3787 514 3844 denkc.
533 3804 546 3837 ι
563 3783 711 3852 (Ibidem).
726 3786 771 3842 Ci.
790 3787 819 3840 in
831 3785 961 3842 Riemeri
977 3786 1053 3842 lihro
1069 3787 1121 3856 qui
1142 3806 1155 3839 α
1172 3783 1433 3859 Mittheilunqen»
1450 3787 1515 3841 ins-

405 3885 531 3941 cribitur
546 3885 613 3940 haec
626 3887 736 3942 verba:
754 3904 767 3936 r
784 3883 911 3940 Goethes
926 3885 1081 3954 poetische
1095 3884 1236 3942 Tendenz
1251 3885 1325 3954 geht
1340 3885 1456 3941 [lberali
1466 3884 1518 3939 aul

403 3986 460 4041 das
475 3981 600 4040 Schoenc
613 3985 674 4040 und
689 3984 742 4039 aui
755 3983 812 4040 das
826 3980 964 4038 Sittliche
976 4001 1000 4039 ι.
1013 3980 1271 4056 (Miltlreilunyen,
1288 3996 1310 4050 1,
1327 3982 1382 4048 72).

438 4082 511 4139 ³Cl.
537 4083 659 4138 tandem
683 4082 797 4138 Goelhii
818 4081 916 4150 ipsius
934 4081 974 4137 ad
993 4074 1183 4138 Miimnnnn
1202 4083 1313 4136 verha:
1336 4080 1417 4136 «leh
1439 4081 1518 4136 habe

403 4179 455 4236 nie
469 4181 503 4234 in
519 4179 653 4236 mcinem
673 4177 769 4234 leben
784 4180 865 4235 mich
882 4193 981 4250 gegen
996 4180 1055 4235 den
1074 4179 1337 4249 uhermaechtigen
1353 4179 1453 4235 Strom
1464 4178 1518 4234 der

403 4279 514 4349 illenge
538 4279 612 4334 oder
634 4279 690 4334 des
715 4278 940 4333 herrschcnden
963 4275 1104 4345 Princips
1127 4276 1157 4330 in
1182 4276 1357 4342 ieindliche,
1379 4275 1519 4331 nutzlose

403 4378 584 4447 Opposition
599 4377 706 4433 stellen
722 4389 864 4448 moegen;
882 4375 977 4431 lieher
991 4375 1070 4432 hahe
1090 4375 1138 4430 ich
1155 4375 1235 4434 mich
1252 4376 1282 4430 in
1298 4375 1379 4430 mein
1392 4375 1519 4445 eigcnes

404 4475 666 4532 Schneckenhaus
681 4475 933 4545 zurdckgezogen
949 4473 1010 4529 und
1021 4474 1062 4529 da
1076 4473 1153 4528 nach
1170 4473 1312 4530 Beliehen
1327 4473 1487 4543 gahausei.
1502 4490 1515 4523 r

404 4573 528 4642 (Goetlre,
549 4571 802 4646 Untcrrcdnnyen
818 4571 875 4627 mit
889 4568 1026 4626 Kanrler
1040 4569 1177 4636 Melior).
