3576 5622
154 1392 316 1448 Srannrus

180 2395 299 2453 Mursa

152 3643 325 3700 Duuzunus

899 755 1054 814 ‚30-

472 891 564 972 Quae
601 887 752 962 Henrici
786 890 917 962 Leues
955 888 1110 983 opini0,
1151 889 1395 962 Gmthianum
1432 889 1532 962 enim

424 1014 561 1087 librum
582 1033 667 1086 esse
686 1012 981 1105 consessionem,
1005 1034 1093 1086 mox
1119 1019 1156 1086 et
1179 1014 1364 1108 plurimos
1387 1014 1532 1087 amicos

423 1138 495 1212 sibi
514 1138 661 1233 paravit
679 1145 717 1210 et
741 1138 882 1210 multos
905 1139 1113 1212 acerrimos
1137 1138 1412 1212 obtrectatores
1437 1139 1534 1212 excl-

423 1263 529 1337 tavit.

474 1391 522 1462 Ut
554 1390 705 1480 lewes,
733 1389 785 1461 ita
809 1390 978 1462 Anourus
1002 1390 1187 1462 Srnunrus
1211 1388 1283 1461 sibi
1306 1410 1531 1484 persuasum

423 1513 537 1588 babet
557 1513 593 1586 in
613 1513 812 1588 Goetlriano
835 1513 928 1586 libro
950 1534 1096 1587 meram
1116 1513 1393 1587 consessionem
1412 1515 1534 1610 prola-

424 1645 503 1712 tam
523 1659 608 1712 esse
628 1646 755 1733 atque,
772 1639 843 1712 hac
863 1639 1038 1733 opinione
1057 1639 1217 1733 probata
1238 1646 1275 1712 et
1295 1641 1530 1730 confirmata,

423 1763 561 1837 Goetbii
590 1770 628 1836 et
663 1763 802 1836 Minnae
836 1763 1061 1856 flagrantem
1096 1785 1269 1837 amorem
1303 1763 1390 1860 plus
1423 1784 1532 1858 aequo

423 1887 586 1962 extollit.
618 1887 714 1962 Dicit
745 1909 928 1980 magnum
958 1894 1111 1983 poetam
1140 1909 1207 1984 per
1238 1889 1380 1964 multos
1413 1908 1534 1960 annos

423 2034 554 2088 amore
574 2011 710 2108 puellae
728 2019 965 2086 commotum
996 2033 1081 2087 esse
1111 2020 1225 2108 atque
1254 2013 1379 2088 animi·
1390 2018 1533 2109 pertur-

424 2138 616 2211 bationem
629 2137 666 2210 in
679 2137 1046 2212 ardentibuslabulae
1057 2138 1372 2234 descriptionibus
1384 2158 1534 2234 expres-

424 2283 508 2336 sam
537 2269 574 2334 et
603 2261 710 2357 quasi
736 2262 876 2356 pictam
904 2263 942 2333 ln
973 2262 1096 2334 lucem
1125 2263 1344 2359 protulisse.

471 2388 518 2460 K.
542 2387 604 2460 W.
627 2389 761 2459 Mercu
780 2407 930 2480 quoque
958 2386 996 2458 in
1015 2387 1150 2481 prioris
1162 2387 1278 2460 critici
1290 2393 1420 2482 partes
1434 2393 1534 2460 tran-

422 2510 496 2585 siit.
512 2509 524 2554 ¹
546 2513 641 2585 (lum
662 2509 800 2584 diceret
818 2511 993 2584 eamdem
1013 2531 1098 2584 esse
1117 2511 1283 2585 Ottiliam
1299 2518 1414 2607 atque
1432 2510 1533 2584 Min-

422 2658 511 2709 nam
534 2635 719 2726 Herzlieb,
741 2641 858 2708 castae
888 2643 925 2708 et
952 2657 1057 2730 purae
1090 2636 1277 2709 Goethiani
1297 2635 1380 2708 libri
1401 2634 1533 2728 virgini

422 2759 661 2856 splendorem
681 2759 886 2854 quemdam
907 2760 1109 2853 mysticum
1128 2760 1400 2834 circumdabat.

469 2885 507 2958 Si
528 2883 709 2978 quaeritur
727 2885 772 2956 de
797 2883 833 2957 vi
855 2884 1001 2976 morali,
1023 2906 1109 2979 quae
1130 2885 1282 2980 quidem
1303 2884 1352 2956 ab
1373 2891 1533 2978 utroque

421 3009 549 3084 critico
569 3009 645 3082 lere
664 3009 923 3104 praetermissa
942 3015 1012 3100 est,
1035 3009 1174 3082 Goethil
1195 3030 1293 3104 opus
1311 3009 1358 3082 iis
1379 3008 1443 3104 qui
1455 3008 1534 3080 illo-

422 3157 508 3208 rum
537 3133 702 3229 opinioni
735 3134 995 3208 assentiuntur
1027 3134 1118 3206 nihil
1148 3133 1364 3207 aliudesse
1408 3138 1533 3228 potest

422 3259 494 3334 nisi
514 3259 623 3354 quasi
659 3325 665 3350 ι
693 3255 974 3332 documentum
995 3255 1226 3332 abstinendi
1253 3257 1306 3350 '²,
1340 3259 1408 3332 sed
1438 3256 1534 3330 desi-

422 3385 476 3457 nit
505 3404 589 3458 esse
613 3383 707 3457 liber
723 3405 798 3478 quo
820 3384 1040 3457 defendatur
1059 3382 1117 3455 vel
1139 3383 1383 3478 impugnetur
1406 3381 1535 3456 matri·

424 3509 540 3582 monii
559 3508 703 3602 religio

472 3638 564 3718 Quae
588 3634 775 3707 sententia
803 3633 852 3706 ab
881 3637 1048 3708 Hnunruo
1076 3635 1253 3707 Duuzrno
1283 3632 1535 3704 vehementis-

424 3759 520 3832 sime
550 3758 712 3831 refutata
744 3764 815 3850 est,
856 3759 920 3854 qui
955 3759 1122 3855 prolecto
1161 3779 1248 3830 eam
1283 3754 1470 3830 subtiliter
1498 3762 1535 3828 et

424 3883 607 3979 exquisite
632 3883 872 3956 examinavit.
906 3882 1102 3977 Anglioani
1132 3881 1246 3955 critici
1277 3880 1394 3954 verba
1428 3901 1535 3954 secu-

423 4014 499 4100 tus,
536 4008 700 4081 ostendit
723 4010 919 4082 Dtlnzerus
955 4014 1134 4082 naturam
1171 4005 1400 4096 commercii,
1435 4005 1534 4100 quod

457 4295 465 4330 ¹
484 4293 522 4350 K.
539 4293 590 4348 W.
607 4292 738 4354 Murra,
756 4287 952 4345 Proureiscbe
965 4287 1166 4352 taurtucuer,
1183 4289 1263 4350 tuni,
1280 4299 1463 4344 uuooouxx.

456 4391 571 4458 'Quod
595 4390 819 4446 Germanorum
844 4389 940 4444 critici
961 4385 1150 4462 Entsuquuy,
1171 4383 1341 4444 Eutbeereu
1361 4385 1535 4460 appellave-

422 4492 503 4553 runt,
