908 1404
90 955 172 970 Gumnxus

465 202 483 205 -
494 194 513 209 50
525 202 543 205 -

226 226 261 244 Hic
270 227 321 244 enim
331 232 369 245 non
378 227 400 245 de
412 227 527 246 matrimonii
536 228 622 246 instituto
632 228 701 252 agitur,
715 227 749 246 sed
759 227 782 246 de

225 257 378 277 contentionibus
390 263 432 282 quae
444 258 463 276 in
475 258 574 277 hominum
586 259 677 278 societate
689 259 780 277 oriuntur.

225 289 304 307 Summa
316 291 356 308 arte
368 289 456 308 Goethius
467 290 485 308 in
498 295 533 309 suo
546 290 593 309 libro
605 290 641 309 has
652 290 783 309 contentiones

225 320 319 338 describit.
330 321 409 344 Semper
415 321 495 345 poetice
504 321 593 345 loquitur,
605 327 710 345 numquam
720 321 783 339 chris-

226 351 282 370 tiane
293 352 322 370 vel
335 357 388 370 more
402 354 540 377 praeceptorum
556 353 629 372 virtutis
644 355 678 371 aut
694 353 782 371 recentio-

225 388 268 401 rum
282 383 355 407 Hegelii
369 383 516 410 discipulorum:
534 390 544 401 κ
561 384 631 403 Goethe
640 383 702 402 denke
713 384 783 402 immet·

226 414 328 439 orphisch,
348 415 381 433 nie
398 414 510 438 christlich,
524 416 557 434 nie
570 415 654 436 sittlich,
669 415 702 433 nie
715 415 782 439 Heqe-

226 445 277 463 [isch
283 452 300 464 ».
306 446 335 464 Ne
341 446 412 465 induxit
419 446 496 470 quidem
503 446 521 465 in
529 447 614 465 animum
623 447 723 465 hominurn
729 446 784 465 liber-

225 478 284 495 tatem
294 482 356 501 neque
365 478 478 496 confirmare
487 483 548 502 neque
558 478 660 501 infirmare,
673 478 707 496 sed
719 483 784 502 perso-

224 513 260 527 nas
269 514 322 532 suas,
333 511 354 527 ut
363 509 448 533 Spinozae
458 509 571 533 discipulum
581 509 666 532 decebat,
674 509 784 528 immutabi-

225 539 252 558 les
262 541 281 558 et
290 540 345 563 quasi
355 557 359 563 ,
368 542 425 565 typos
432 541 436 547 '
447 541 505 559 finxit.

248 571 327 590 Constat
338 571 395 595 igitur
407 571 445 590 iam
458 577 507 590 anno
519 577 607 590 nocoeuv
615 572 620 582 ¹
633 577 703 590 novam
715 571 782 590 exoriri

224 602 346 625 sententiam,
357 608 423 621 eorum
435 603 549 622 sententiam
561 603 609 626 dico,
623 603 655 627 qui
667 602 783 621 contendunt

224 633 321 652 Goethium
331 633 376 652 nihil
386 634 435 652 aliud
448 634 484 653 sibi
494 634 616 658 proposuisse
628 634 664 653 nisi
677 634 782 657 legentium

225 664 299 683 animos
315 664 414 688 delectare,
431 665 471 688 sed⁷
489 665 520 683 illo
535 665 600 688 invito,
618 665 723 689 plurimum
741 665 783 683 eius

224 696 295 720 scripta
307 696 369 715 valere
381 696 405 715 ad
417 696 520 720 legentium
532 702 596 715 mores
608 696 636 715 vel
652 696 783 715 emendandos

224 727 253 745 vel
264 728 419 752 corrumpendos,
430 733 453 746 ea
465 728 527 746 solum
539 728 562 746 de
575 733 641 751 causa,
654 727 705 752 quod
719 727 783 746 omnis

224 758 311 777 fervidior
325 759 397 777 amoris
414 759 520 783 descriptio,
540 761 560 778 ut
577 759 615 778 vita
634 759 682 783 ipsa,
700 759 782 777 multum

224 790 286 814 possit
295 790 346 814 apud
356 795 423 809 omnes
432 790 464 814 qui
475 790 540 809 tectum·
549 790 593 809 sint.

249 821 309 840 Nobis
320 823 392 844 autem,
405 821 465 840 altera
477 822 495 840 in
508 823 560 845 parte
573 823 644 845 nostra,
658 821 782 845 quaerendum

225 852 260 870 erit
270 852 339 876 quibus
350 852 372 871 de
382 853 446 871 causis
455 853 495 871 lieri
505 853 565 877 possit
575 855 596 871 ut
606 853 645 871 vim
655 852 782 877 periculosam

225 885 282 907 atque
301 883 426 908 perniciosam
448 884 517 902 habeat
536 889 591 908 opus,
611 884 668 902 etiam
690 884 782 908 scriptore

224 914 289 933 invito.

249 946 336 965 Cmoms
345 946 441 965 Goensxus
445 946 459 969 ¹,
467 946 523 970 quasi
532 946 590 965 Tainii
598 946 657 965 nostri
665 946 782 965 celeberrimi

224 977 335 1001 discipulus,
349 979 410 996 totum
423 982 472 1002 opus
485 977 555 996 iudicat
567 978 656 996 historica
668 978 746 996 ratione.
760 977 782 996 Ei

224 1008 240 1027 si
250 1009 341 1032 confidas,
350 1010 424 1033 oportet
430 1014 481 1032 eum,
491 1009 524 1033 qui
533 1009 569 1027 sibi
577 1009 674 1033 proposuit
682 1009 705 1027 de
714 1009 783 1027 hones-

241 1073 245 1082 ·
255 1073 315 1087 Rudolfl
324 1073 415 1088 Gottschalli
425 1073 495 1087 Historia
506 1073 596 1087 litterarum
607 1073 735 1092 qsrmunicarum
742 1076 783 1087 anno

223 1100 305 1112 umocuv
313 1098 408 1112 vratislaw-z
416 1098 493 1116 apparuit.

240 1122 246 1131 ¹
254 1122 312 1136 Goethes
319 1122 368 1136 Lebsn
374 1122 407 1136 und
412 1122 495 1140 Schriften,
502 1122 604 1141 Stuttgmioe,
610 1125 720 1139 umocnxxw,
726 1126 741 1140 p.
746 1122 783 1137 449-

222 1146 254 1160 454.
