<?xml version="1.0" encoding="UTF-8"?>
<!DOCTYPE html PUBLIC "-//W3C//DTD XHTML 1.0 Transitional//EN"
    "http://www.w3.org/TR/xhtml1/DTD/xhtml1-transitional.dtd">
<html xmlns="http://www.w3.org/1999/xhtml" xml:lang="en" lang="en">
 <head>
  <title>
</title>
<meta http-equiv="Content-Type" content="text/html;charset=utf-8" />
  <meta name='ocr-system' content='tesseract 3.04.00' />
  <meta name='ocr-capabilities' content='ocr_page ocr_carea ocr_par ocr_line ocrx_word'/>
</head>
<body>
  <div class='ocr_page' id='page_1' title='image "./quidbonipericul00schogoog_0026.png"; bbox 0 0 3640 5620; ppageno 0'>
   <div class='ocr_carea' id='block_1_1' title="bbox 726 821 882 882">
    <p class='ocr_par' dir='ltr' id='par_1_1' title="bbox 726 821 882 882">
     <span class='ocr_line' id='line_1_1' title="bbox 726 821 882 882; baseline 0.013 -15"><span class='ocrx_word' id='word_1_1' title='bbox 726 821 882 882; x_wconf 68' lang='grc'>..47-</span> 
     </span>
    </p>
   </div>
   <div class='ocr_carea' id='block_1_2' title="bbox 249 955 1365 1156">
    <p class='ocr_par' dir='ltr' id='par_1_2' title="bbox 249 955 1365 1156">
     <span class='ocr_line' id='line_1_2' title="bbox 249 955 1364 1052; baseline 0 -24"><span class='ocrx_word' id='word_1_2' title='bbox 249 957 299 1031; x_wconf 89' lang='lat' dir='ltr'>ist</span> <span class='ocrx_word' id='word_1_3' title='bbox 318 957 378 1029; x_wconf 93' lang='lat' dir='ltr'>ein</span> <span class='ocrx_word' id='word_1_4' title='bbox 407 957 526 1048; x_wconf 88' lang='lat' dir='ltr'>Bueh,</span> <span class='ocrx_word' id='word_1_5' title='bbox 552 956 684 1052; x_wconf 87' lang='lat' dir='ltr'>inquit,</span> <span class='ocrx_word' id='word_1_6' title='bbox 714 957 772 1029; x_wconf 83' lang='lat' dir='ltr'>fiir</span> <span class='ocrx_word' id='word_1_7' title='bbox 797 956 856 1029; x_wconf 89' lang='lat' dir='ltr'>die</span> <span class='ocrx_word' id='word_1_8' title='bbox 878 955 1015 1051; x_wconf 85' lang='lat' dir='ltr'>jetzige</span> <span class='ocrx_word' id='word_1_9' title='bbox 1039 957 1278 1048; x_wconf 71' lang='lat' dir='ltr'><strong>Generatim,</strong></span> <span class='ocrx_word' id='word_1_10' title='bbox 1305 956 1364 1029; x_wconf 92' lang='lat' dir='ltr'>die</span> 
     </span>
     <span class='ocr_line' id='line_1_3' title="bbox 251 1080 1365 1156; baseline 0.001 -3"><span class='ocrx_word' id='word_1_11' title='bbox 251 1103 317 1154; x_wconf 92' lang='lat' dir='ltr'>vor</span> <span class='ocrx_word' id='word_1_12' title='bbox 336 1081 458 1156; x_wconf 88' lang='lat' dir='ltr'>lauter</span> <span class='ocrx_word' id='word_1_13' title='bbox 476 1081 738 1156; x_wconf 85' lang='lat' dir='ltr'>aesthetisclrer</span> <span class='ocrx_word' id='word_1_14' title='bbox 758 1081 835 1153; x_wconf 93' lang='lat' dir='ltr'>und</span> <span class='ocrx_word' id='word_1_15' title='bbox 855 1080 1060 1155; x_wconf 86' lang='lat' dir='ltr'>moralisch</span> <span class='ocrx_word' id='word_1_16' title='bbox 1079 1081 1160 1155; x_wconf 88' lang='lat' dir='ltr'>sein</span> <span class='ocrx_word' id='word_1_17' title='bbox 1179 1081 1365 1154; x_wconf 86' lang='lat' dir='ltr'>sollender</span> 
     </span>
    </p>
   </div>
   <div class='ocr_carea' id='block_1_3' title="bbox 251 1205 1467 1299">
    <p class='ocr_par' dir='ltr' id='par_1_3' title="bbox 251 1205 1467 1299">
     <span class='ocr_line' id='line_1_4' title="bbox 251 1205 1467 1299; baseline -0.001 -20"><span class='ocrx_word' id='word_1_18' title='bbox 251 1207 533 1279; x_wconf 85' lang='lat' dir='ltr'>Schwaermerei</span> <span class='ocrx_word' id='word_1_19' title='bbox 562 1205 637 1279; x_wconf 92' lang='lat' dir='ltr'>und</span> <span class='ocrx_word' id='word_1_20' title='bbox 667 1205 872 1280; x_wconf 86' lang='lat' dir='ltr'>Rassinerie</span> <span class='ocrx_word' id='word_1_21' title='bbox 903 1206 1002 1279; x_wconf 87' lang='lat' dir='ltr'>allen</span> <span class='ocrx_word' id='word_1_22' title='bbox 1030 1205 1117 1278; x_wconf 87' lang='lat' dir='ltr'>Sinn</span> <span class='ocrx_word' id='word_1_23' title='bbox 1140 1205 1200 1279; x_wconf 82' lang='lat' dir='ltr'>fiir</span> <span class='ocrx_word' id='word_1_24' title='bbox 1228 1207 1361 1299; x_wconf 89' lang='lat' dir='ltr'>Wahr,</span> <span class='ocrx_word' id='word_1_25' title='bbox 1422 1239 1467 1288; x_wconf 57' lang='grc' dir='ltr'>ε,</span> 
     </span>
    </p>
   </div>
   <div class='ocr_carea' id='block_1_4' title="bbox 249 1330 1365 2050">
    <p class='ocr_par' dir='ltr' id='par_1_4' title="bbox 251 1330 878 1446">
     <span class='ocr_line' id='line_1_5' title="bbox 251 1330 878 1446; baseline 0 -43"><span class='ocrx_word' id='word_1_26' title='bbox 251 1332 364 1446; x_wconf 74' lang='lat' dir='ltr'>Spoen</span> <span class='ocrx_word' id='word_1_27' title='bbox 384 1331 461 1403; x_wconf 93' lang='lat' dir='ltr'>und</span> <span class='ocrx_word' id='word_1_28' title='bbox 481 1338 550 1424; x_wconf 84' lang='lat' dir='ltr'>gut</span> <span class='ocrx_word' id='word_1_29' title='bbox 569 1330 739 1404; x_wconf 86' lang='lat' dir='ltr'>verioren</span> <span class='ocrx_word' id='word_1_30' title='bbox 757 1331 824 1404; x_wconf 87' lang='lat' dir='ltr'>hat</span> <span class='ocrx_word' id='word_1_31' title='bbox 844 1355 878 1403; x_wconf 79' lang='lat' dir='ltr'>r.</span> 
     </span>
    </p>

    <p class='ocr_par' dir='ltr' id='par_1_5' title="bbox 249 1454 1365 2050">
     <span class='ocr_line' id='line_1_6' title="bbox 299 1454 1365 1553; baseline -0.001 -25"><span class='ocrx_word' id='word_1_32' title='bbox 299 1457 381 1539; x_wconf 89' lang='lat' dir='ltr'>Qua</span> <span class='ocrx_word' id='word_1_33' title='bbox 418 1454 623 1550; x_wconf 63' lang='lat' dir='ltr'>aequalium</span> <span class='ocrx_word' id='word_1_34' title='bbox 662 1455 875 1553; x_wconf 84' lang='lat' dir='ltr'>suspicione</span> <span class='ocrx_word' id='word_1_35' title='bbox 913 1454 1076 1548; x_wconf 85' lang='lat' dir='ltr'>cognita,</span> <span class='ocrx_word' id='word_1_36' title='bbox 1114 1475 1189 1528; x_wconf 88' lang='lat' dir='ltr'>non</span> <span class='ocrx_word' id='word_1_37' title='bbox 1226 1457 1365 1528; x_wconf 92' lang='lat' dir='ltr'>mirum</span> 
     </span>
     <span class='ocr_line' id='line_1_7' title="bbox 252 1579 1365 1677; baseline 0.002 -25"><span class='ocrx_word' id='word_1_38' title='bbox 252 1579 438 1653; x_wconf 90' lang='lat' dir='ltr'>videbitur</span> <span class='ocrx_word' id='word_1_39' title='bbox 456 1579 658 1654; x_wconf 88' lang='lat' dir='ltr'>nonnullos</span> <span class='ocrx_word' id='word_1_40' title='bbox 677 1601 722 1652; x_wconf 86' lang='lat' dir='ltr'>ex</span> <span class='ocrx_word' id='word_1_41' title='bbox 741 1580 801 1672; x_wconf 91' lang='lat' dir='ltr'>iis,</span> <span class='ocrx_word' id='word_1_42' title='bbox 814 1580 1001 1674; x_wconf 88' lang='lat' dir='ltr'>quiantea</span> <span class='ocrx_word' id='word_1_43' title='bbox 1019 1587 1142 1677; x_wconf 85' lang='lat' dir='ltr'>poetae</span> <span class='ocrx_word' id='word_1_44' title='bbox 1158 1581 1365 1654; x_wconf 80' lang='lat' dir='ltr'>maximam</span> 
     </span>
     <span class='ocr_line' id='line_1_8' title="bbox 251 1703 1365 1801; baseline -0.002 -21"><span class='ocrx_word' id='word_1_45' title='bbox 251 1705 541 1780; x_wconf 84' lang='lat' dir='ltr'>admirationem</span> <span class='ocrx_word' id='word_1_46' title='bbox 574 1703 794 1797; x_wconf 78' lang='lat' dir='ltr'>tribuerant,</span> <span class='ocrx_word' id='word_1_47' title='bbox 825 1705 986 1778; x_wconf 87' lang='lat' dir='ltr'>recentis</span> <span class='ocrx_word' id='word_1_48' title='bbox 1010 1705 1134 1801; x_wconf 85' lang='lat' dir='ltr'>operis</span> <span class='ocrx_word' id='word_1_49' title='bbox 1164 1725 1365 1779; x_wconf 86' lang='lat' dir='ltr'>censuram</span> 
     </span>
     <span class='ocr_line' id='line_1_9' title="bbox 249 1829 1364 1924; baseline 0.001 -22"><span class='ocrx_word' id='word_1_50' title='bbox 249 1830 287 1902; x_wconf 92' lang='lat' dir='ltr'>in</span> <span class='ocrx_word' id='word_1_51' title='bbox 309 1831 447 1924; x_wconf 82' lang='lat' dir='ltr'>vulgus</span> <span class='ocrx_word' id='word_1_52' title='bbox 466 1830 576 1903; x_wconf 88' lang='lat' dir='ltr'>edere</span> <span class='ocrx_word' id='word_1_53' title='bbox 595 1829 776 1904; x_wconf 89' lang='lat' dir='ltr'>noluisse.</span> <span class='ocrx_word' id='word_1_54' title='bbox 801 1830 886 1903; x_wconf 86' lang='lat' dir='ltr'>Sive</span> <span class='ocrx_word' id='word_1_55' title='bbox 906 1829 1093 1903; x_wconf 85' lang='lat' dir='ltr'>timebant</span> <span class='ocrx_word' id='word_1_56' title='bbox 1119 1851 1165 1902; x_wconf 93' lang='lat' dir='ltr'>ne</span> <span class='ocrx_word' id='word_1_57' title='bbox 1197 1830 1364 1904; x_wconf 88' lang='lat' dir='ltr'>amicum</span> 
     </span>
     <span class='ocr_line' id='line_1_10' title="bbox 249 1953 1365 2050; baseline 0.001 -22"><span class='ocrx_word' id='word_1_58' title='bbox 249 1963 341 2029; x_wconf 88' lang='lat' dir='ltr'>natu</span> <span class='ocrx_word' id='word_1_59' title='bbox 376 1955 560 2029; x_wconf 86' lang='lat' dir='ltr'>maiorem</span> <span class='ocrx_word' id='word_1_60' title='bbox 585 1955 775 2047; x_wconf 88' lang='lat' dir='ltr'>laederent,</span> <span class='ocrx_word' id='word_1_61' title='bbox 798 1955 878 2028; x_wconf 91' lang='lat' dir='ltr'>sive</span> <span class='ocrx_word' id='word_1_62' title='bbox 911 1976 978 2028; x_wconf 91' lang='lat' dir='ltr'>eos</span> <span class='ocrx_word' id='word_1_63' title='bbox 1011 1953 1166 2050; x_wconf 84' lang='lat' dir='ltr'>pigebat</span> <span class='ocrx_word' id='word_1_64' title='bbox 1194 1957 1365 2029; x_wconf 89' lang='lat' dir='ltr'>omniurn</span> 
     </span>
    </p>
   </div>
   <div class='ocr_carea' id='block_1_5' title="bbox 1433 1317 1451 1391">
    <p class='ocr_par' dir='ltr' id='par_1_6' title="bbox 1433 1317 1451 1391">
     <span class='ocr_line' id='line_1_11' title="bbox 1433 1317 1451 1391; baseline 0 0"><span class='ocrx_word' id='word_1_65' title='bbox 1433 1317 1451 1391; x_wconf 68' lang='lat' dir='ltr'>i</span> 
     </span>
    </p>
   </div>
   <div class='ocr_carea' id='block_1_6' title="bbox 249 2079 1478 2171">
    <p class='ocr_par' dir='ltr' id='par_1_7' title="bbox 249 2079 1478 2171">
     <span class='ocr_line' id='line_1_12' title="bbox 249 2079 1478 2171; baseline 0.001 -18"><span class='ocrx_word' id='word_1_66' title='bbox 249 2080 326 2153; x_wconf 87' lang='lat' dir='ltr'>fere</span> <span class='ocrx_word' id='word_1_67' title='bbox 359 2079 626 2156; x_wconf 80' lang='lat' dir='ltr'>existimationi</span> <span class='ocrx_word' id='word_1_68' title='bbox 671 2079 868 2171; x_wconf 86' lang='lat' dir='ltr'>obsistere,</span> <span class='ocrx_word' id='word_1_69' title='bbox 910 2079 1018 2152; x_wconf 88' lang='lat' dir='ltr'>multi</span> <span class='ocrx_word' id='word_1_70' title='bbox 1063 2079 1179 2152; x_wconf 91' lang='lat' dir='ltr'>critici</span> <span class='ocrx_word' id='word_1_71' title='bbox 1216 2081 1365 2154; x_wconf 85' lang='lat' dir='ltr'>cautius</span> <span class='ocrx_word' id='word_1_72' title='bbox 1476 2165 1478 2170; x_wconf 46' lang='grc'>,</span> 
     </span>
    </p>
   </div>
   <div class='ocr_carea' id='block_1_7' title="bbox 250 2203 1366 2797">
    <p class='ocr_par' dir='ltr' id='par_1_8' title="bbox 250 2203 1366 2797">
     <span class='ocr_line' id='line_1_13' title="bbox 250 2203 1366 2300; baseline 0 -22"><span class='ocrx_word' id='word_1_73' title='bbox 250 2210 451 2278; x_wconf 88' lang='lat' dir='ltr'>tacuerunt</span> <span class='ocrx_word' id='word_1_74' title='bbox 470 2204 530 2278; x_wconf 92' lang='lat' dir='ltr'>vel</span> <span class='ocrx_word' id='word_1_75' title='bbox 550 2203 730 2278; x_wconf 92' lang='lat' dir='ltr'>iudicium</span> <span class='ocrx_word' id='word_1_76' title='bbox 751 2225 867 2278; x_wconf 90' lang='lat' dir='ltr'>suum</span> <span class='ocrx_word' id='word_1_77' title='bbox 889 2203 1127 2278; x_wconf 89' lang='lat' dir='ltr'>distulerunt.</span> <span class='ocrx_word' id='word_1_78' title='bbox 1150 2207 1250 2277; x_wconf 89' lang='lat' dir='ltr'>Inter</span> <span class='ocrx_word' id='word_1_79' title='bbox 1268 2226 1366 2300; x_wconf 87' lang='lat' dir='ltr'>quos</span> 
     </span>
     <span class='ocr_line' id='line_1_14' title="bbox 250 2328 1366 2424; baseline 0 -22"><span class='ocrx_word' id='word_1_80' title='bbox 250 2329 453 2423; x_wconf 81' lang='lat' dir='ltr'>Rocnnrz,</span> <span class='ocrx_word' id='word_1_81' title='bbox 486 2329 551 2424; x_wconf 90' lang='lat' dir='ltr'>qui</span> <span class='ocrx_word' id='word_1_82' title='bbox 579 2331 840 2422; x_wconf 74' lang='lat' dir='ltr'>,censuram’</span> <span class='ocrx_word' id='word_1_83' title='bbox 871 2328 955 2402; x_wconf 91' lang='lat' dir='ltr'>libri</span> <span class='ocrx_word' id='word_1_84' title='bbox 987 2329 1032 2402; x_wconf 87' lang='lat' dir='ltr'>de</span> <span class='ocrx_word' id='word_1_85' title='bbox 1064 2350 1139 2423; x_wconf 91' lang='lat' dir='ltr'>quo</span> <span class='ocrx_word' id='word_1_86' title='bbox 1170 2330 1297 2423; x_wconf 86' lang='lat' dir='ltr'>agitur</span> <span class='ocrx_word' id='word_1_87' title='bbox 1328 2331 1366 2402; x_wconf 92' lang='lat' dir='ltr'>in</span> 
     </span>
     <span class='ocr_line' id='line_1_15' title="bbox 251 2451 1365 2552; baseline 0.001 -25"><span class='ocrx_word' id='word_1_88' title='bbox 251 2451 537 2552; x_wconf 79' lang='lat' dir='ltr'>premeridis</span> <span class='ocrx_word' id='word_1_89' title='bbox 580 2452 836 2528; x_wconf 82' lang='lat' dir='ltr'>Litterarum</span> <span class='ocrx_word' id='word_1_90' title='bbox 883 2451 1135 2526; x_wconf 83' lang='lat' dir='ltr'>lenensibns¹</span> <span class='ocrx_word' id='word_1_91' title='bbox 1182 2454 1365 2528; x_wconf 87' lang='lat' dir='ltr'>edendam</span> 
     </span>
     <span class='ocr_line' id='line_1_16' title="bbox 251 2578 1363 2675; baseline -0.003 -21"><span class='ocrx_word' id='word_1_92' title='bbox 251 2578 414 2654; x_wconf 88' lang='lat' dir='ltr'>scribere</span> <span class='ocrx_word' id='word_1_93' title='bbox 438 2578 559 2653; x_wconf 90' lang='lat' dir='ltr'>noluit</span> <span class='ocrx_word' id='word_1_94' title='bbox 583 2600 592 2670; x_wconf 93' lang='grc'>;</span> <span class='ocrx_word' id='word_1_95' title='bbox 620 2599 737 2673; x_wconf 85' lang='lat' dir='ltr'>quare</span> <span class='ocrx_word' id='word_1_96' title='bbox 761 2585 875 2675; x_wconf 86' lang='lat' dir='ltr'>poeta</span> <span class='ocrx_word' id='word_1_97' title='bbox 901 2598 1017 2651; x_wconf 81' lang='lat' dir='ltr'>senex</span> <span class='ocrx_word' id='word_1_98' title='bbox 1044 2578 1209 2672; x_wconf 82' lang='lat' dir='ltr'>graviter</span> <span class='ocrx_word' id='word_1_99' title='bbox 1232 2579 1363 2671; x_wconf 87' lang='lat' dir='ltr'>doluit,</span> 
     </span>
     <span class='ocr_line' id='line_1_17' title="bbox 251 2702 1362 2797; baseline 0.001 -21"><span class='ocrx_word' id='word_1_100' title='bbox 251 2725 339 2777; x_wconf 90' lang='lat' dir='ltr'>cum</span> <span class='ocrx_word' id='word_1_101' title='bbox 359 2704 675 2778; x_wconf 88' lang='lat' dir='ltr'>iucundissimum</span> <span class='ocrx_word' id='word_1_102' title='bbox 696 2702 730 2775; x_wconf 91' lang='lat' dir='ltr'>ei</span> <span class='ocrx_word' id='word_1_103' title='bbox 749 2703 884 2778; x_wconf 80' lang='lat' dir='ltr'>fuisset</span> <span class='ocrx_word' id='word_1_104' title='bbox 902 2702 1058 2776; x_wconf 88' lang='lat' dir='ltr'>iudicari</span> <span class='ocrx_word' id='word_1_105' title='bbox 1076 2703 1126 2777; x_wconf 92' lang='lat' dir='ltr'>ab</span> <span class='ocrx_word' id='word_1_106' title='bbox 1150 2725 1195 2776; x_wconf 91' lang='lat' dir='ltr'>eo</span> <span class='ocrx_word' id='word_1_107' title='bbox 1222 2703 1362 2797; x_wconf 86' lang='lat' dir='ltr'>critico,</span> 
     </span>
    </p>
   </div>
   <div class='ocr_carea' id='block_1_8' title="bbox 251 2825 1367 3528">
    <p class='ocr_par' dir='ltr' id='par_1_9' title="bbox 251 2825 1367 3528">
     <span class='ocr_line' id='line_1_18' title="bbox 251 2825 1367 2930; baseline 0.003 -29"><span class='ocrx_word' id='word_1_108' title='bbox 251 2829 328 2924; x_wconf 92' lang='lat' dir='ltr'>qui,</span> <span class='ocrx_word' id='word_1_109' title='bbox 364 2850 453 2902; x_wconf 87' lang='lat' dir='ltr'>cum</span> <span class='ocrx_word' id='word_1_110' title='bbox 487 2825 738 2930; x_wconf 77' lang='lat' dir='ltr'>Affinitatee</span> <span class='ocrx_word' id='word_1_111' title='bbox 775 2825 967 2901; x_wconf 76' lang='lat' dir='ltr'>electivae</span> <span class='ocrx_word' id='word_1_112' title='bbox 1004 2828 1227 2926; x_wconf 84' lang='lat' dir='ltr'>accepisset,</span> <span class='ocrx_word' id='word_1_113' title='bbox 1269 2829 1367 2927; x_wconf 91' lang='lat' dir='ltr'>epis·</span> 
     </span>
     <span class='ocr_line' id='line_1_19' title="bbox 252 2952 1362 3049; baseline 0.001 -22"><span class='ocrx_word' id='word_1_114' title='bbox 252 2952 371 3027; x_wconf 86' lang='lat' dir='ltr'>tulam</span> <span class='ocrx_word' id='word_1_115' title='bbox 410 2953 444 3026; x_wconf 92' lang='lat' dir='ltr'>ei</span> <span class='ocrx_word' id='word_1_116' title='bbox 477 2953 736 3048; x_wconf 85' lang='lat' dir='ltr'>gratissimam</span> <span class='ocrx_word' id='word_1_117' title='bbox 774 2953 1018 3049; x_wconf 80' lang='lat' dir='ltr'>scripserat.²</span> <span class='ocrx_word' id='word_1_118' title='bbox 1063 2953 1130 3027; x_wconf 85' lang='lat' dir='ltr'>Vel</span> <span class='ocrx_word' id='word_1_119' title='bbox 1164 2955 1362 3046; x_wconf 73' lang='lat' dir='ltr'>Znnrnnuer,</span> 
     </span>
     <span class='ocr_line' id='line_1_20' title="bbox 251 3078 1365 3174; baseline 0 -22"><span class='ocrx_word' id='word_1_120' title='bbox 251 3079 388 3152; x_wconf 85' lang='lat' dir='ltr'>Gnathii</span> <span class='ocrx_word' id='word_1_121' title='bbox 419 3078 689 3172; x_wconf 86' lang='lat' dir='ltr'>amicissimus,</span> <span class='ocrx_word' id='word_1_122' title='bbox 727 3078 780 3152; x_wconf 88' lang='lat' dir='ltr'>ita</span> <span class='ocrx_word' id='word_1_123' title='bbox 812 3078 1058 3174; x_wconf 89' lang='lat' dir='ltr'>perturbatus</span> <span class='ocrx_word' id='word_1_124' title='bbox 1096 3087 1155 3154; x_wconf 91' lang='lat' dir='ltr'>est</span> <span class='ocrx_word' id='word_1_125' title='bbox 1196 3085 1237 3151; x_wconf 95' lang='lat' dir='ltr'>ut</span> <span class='ocrx_word' id='word_1_126' title='bbox 1275 3079 1365 3152; x_wconf 92' lang='lat' dir='ltr'>nihil</span> 
     </span>
     <span class='ocr_line' id='line_1_21' title="bbox 251 3204 1365 3302; baseline 0.002 -26"><span class='ocrx_word' id='word_1_127' title='bbox 251 3204 296 3276; x_wconf 93' lang='lat' dir='ltr'>de</span> <span class='ocrx_word' id='word_1_128' title='bbox 322 3204 406 3300; x_wconf 89' lang='lat' dir='ltr'>ipsa</span> <span class='ocrx_word' id='word_1_129' title='bbox 435 3204 560 3302; x_wconf 86' lang='lat' dir='ltr'>operis</span> <span class='ocrx_word' id='word_1_130' title='bbox 593 3204 752 3278; x_wconf 88' lang='lat' dir='ltr'>materia</span> <span class='ocrx_word' id='word_1_131' title='bbox 785 3204 989 3298; x_wconf 87' lang='lat' dir='ltr'>scripserit,</span> <span class='ocrx_word' id='word_1_132' title='bbox 1026 3205 1092 3278; x_wconf 85' lang='lat' dir='ltr'>sed</span> <span class='ocrx_word' id='word_1_133' title='bbox 1122 3204 1235 3277; x_wconf 88' lang='lat' dir='ltr'>medo</span> <span class='ocrx_word' id='word_1_134' title='bbox 1268 3206 1365 3278; x_wconf 89' lang='lat' dir='ltr'>seri-</span> 
     </span>
     <span class='ocr_line' id='line_1_22' title="bbox 251 3327 1366 3426; baseline 0.003 -25"><span class='ocrx_word' id='word_1_135' title='bbox 251 3327 362 3402; x_wconf 90' lang='lat' dir='ltr'>bendi</span> <span class='ocrx_word' id='word_1_136' title='bbox 381 3348 504 3422; x_wconf 85' lang='lat' dir='ltr'>genus</span> <span class='ocrx_word' id='word_1_137' title='bbox 520 3328 801 3424; x_wconf 87' lang='lat' dir='ltr'>verborumque</span> <span class='ocrx_word' id='word_1_138' title='bbox 814 3329 1041 3423; x_wconf 85' lang='lat' dir='ltr'>gravitatem</span> <span class='ocrx_word' id='word_1_139' title='bbox 1059 3336 1097 3403; x_wconf 93' lang='lat' dir='ltr'>et</span> <span class='ocrx_word' id='word_1_140' title='bbox 1117 3330 1265 3426; x_wconf 88' lang='lat' dir='ltr'>copiam</span> <span class='ocrx_word' id='word_1_141' title='bbox 1285 3330 1366 3404; x_wconf 86' lang='lat' dir='ltr'>lau·</span> 
     </span>
     <span class='ocr_line' id='line_1_23' title="bbox 251 3453 407 3528; baseline 0 -2"><span class='ocrx_word' id='word_1_142' title='bbox 251 3453 407 3528; x_wconf 81' lang='lat' dir='ltr'>daverit.</span> 
     </span>
    </p>
   </div>
   <div class='ocr_carea' id='block_1_9' title="bbox 251 3735 1364 3905">
    <p class='ocr_par' dir='ltr' id='par_1_10' title="bbox 251 3735 1364 3905">
     <span class='ocr_line' id='line_1_24' title="bbox 251 3735 1364 3808; baseline 0 -15"><span class='ocrx_word' id='word_1_143' title='bbox 251 3735 386 3793; x_wconf 87' lang='lat' dir='ltr'>Romans</span> <span class='ocrx_word' id='word_1_144' title='bbox 404 3749 444 3791; x_wconf 89' lang='lat' dir='ltr'>an</span> <span class='ocrx_word' id='word_1_145' title='bbox 463 3750 501 3791; x_wconf 88' lang='lat' dir='ltr'>zu</span> <span class='ocrx_word' id='word_1_146' title='bbox 520 3736 649 3804; x_wconf 76' lang='lat' dir='ltr'>steigen</span> <span class='ocrx_word' id='word_1_147' title='bbox 668 3735 729 3791; x_wconf 88' lang='lat' dir='ltr'>und</span> <span class='ocrx_word' id='word_1_148' title='bbox 745 3735 825 3806; x_wconf 79' lang='lat' dir='ltr'>stieg</span> <span class='ocrx_word' id='word_1_149' title='bbox 840 3737 895 3791; x_wconf 86' lang='lat' dir='ltr'>mit</span> <span class='ocrx_word' id='word_1_150' title='bbox 914 3737 1057 3806; x_wconf 82' lang='lat' dir='ltr'>wenigen</span> <span class='ocrx_word' id='word_1_151' title='bbox 1078 3735 1364 3808; x_wconf 80' lang='lat' dir='ltr'>Abwechseiungen</span> 
     </span>
     <span class='ocr_line' id='line_1_25' title="bbox 253 3832 1363 3905; baseline 0.001 -15"><span class='ocrx_word' id='word_1_152' title='bbox 253 3836 360 3890; x_wconf 91' lang='lat' dir='ltr'>immer</span> <span class='ocrx_word' id='word_1_153' title='bbox 374 3834 492 3897; x_wconf 84' lang='lat' dir='ltr'>hoeher,</span> <span class='ocrx_word' id='word_1_154' title='bbox 508 3835 557 3889; x_wconf 90' lang='lat' dir='ltr'>bis</span> <span class='ocrx_word' id='word_1_155' title='bbox 571 3834 616 3888; x_wconf 87' lang='lat' dir='ltr'>sie</span> <span class='ocrx_word' id='word_1_156' title='bbox 630 3832 751 3889; x_wconf 90' lang='lat' dir='ltr'>endlich</span> <span class='ocrx_word' id='word_1_157' title='bbox 771 3848 811 3888; x_wconf 90' lang='lat' dir='ltr'>an</span> <span class='ocrx_word' id='word_1_158' title='bbox 829 3834 889 3891; x_wconf 87' lang='lat' dir='ltr'>den</span> <span class='ocrx_word' id='word_1_159' title='bbox 910 3835 1122 3905; x_wconf 82' lang='lat' dir='ltr'>Wagebaiken</span> <span class='ocrx_word' id='word_1_160' title='bbox 1141 3836 1285 3900; x_wconf 75' lang='lat' dir='ltr'>anstiess</span> <span class='ocrx_word' id='word_1_161' title='bbox 1303 3837 1363 3892; x_wconf 93' lang='lat' dir='ltr'>und</span> 
     </span>
    </p>
   </div>
   <div class='ocr_carea' id='block_1_10' title="bbox 140 3932 1364 4004">
    <p class='ocr_par' dir='ltr' id='par_1_11' title="bbox 140 3932 1364 4004">
     <span class='ocr_line' id='line_1_26' title="bbox 140 3932 1364 4004; baseline 0.004 -17"><span class='ocrx_word' id='word_1_162' title='bbox 140 3989 143 3995; x_wconf 76' lang='grc'><em>,</em></span> <span class='ocrx_word' id='word_1_163' title='bbox 251 3933 321 3988; x_wconf 85' lang='lat' dir='ltr'>dort</span> <span class='ocrx_word' id='word_1_164' title='bbox 333 3933 393 3988; x_wconf 87' lang='lat' dir='ltr'>wie</span> <span class='ocrx_word' id='word_1_165' title='bbox 408 3946 447 3987; x_wconf 88' lang='lat' dir='ltr'>an</span> <span class='ocrx_word' id='word_1_166' title='bbox 462 3933 560 3987; x_wconf 90' lang='lat' dir='ltr'>einem</span> <span class='ocrx_word' id='word_1_167' title='bbox 576 3932 769 3988; x_wconf 82' lang='lat' dir='ltr'>kunstlicben</span> <span class='ocrx_word' id='word_1_168' title='bbox 783 3932 910 4003; x_wconf 83' lang='lat' dir='ltr'>Magnet</span> <span class='ocrx_word' id='word_1_169' title='bbox 924 3934 1055 4004; x_wconf 81' lang='lat' dir='ltr'>baengen</span> <span class='ocrx_word' id='word_1_170' title='bbox 1069 3934 1160 3990; x_wconf 84' lang='lat' dir='ltr'>blieb.</span> <span class='ocrx_word' id='word_1_171' title='bbox 1179 3953 1192 3986; x_wconf 78' lang='lat' dir='ltr'>r</span> <span class='ocrx_word' id='word_1_172' title='bbox 1209 3935 1364 4000; x_wconf 80' lang='lat' dir='ltr'>(Wietand</span> 
     </span>
    </p>
   </div>
   <div class='ocr_carea' id='block_1_11' title="bbox 251 4028 1363 4590">
    <p class='ocr_par' dir='ltr' id='par_1_12' title="bbox 251 4028 1362 4196">
     <span class='ocr_line' id='line_1_27' title="bbox 251 4028 1362 4102; baseline -0.001 -16"><span class='ocrx_word' id='word_1_173' title='bbox 251 4031 291 4086; x_wconf 86' lang='lat' dir='ltr'>ad</span> <span class='ocrx_word' id='word_1_174' title='bbox 301 4030 501 4102; x_wconf 78' lang='lat' dir='ltr'>Boettigerum</span> <span class='ocrx_word' id='word_1_175' title='bbox 512 4031 543 4084; x_wconf 93' lang='lat' dir='ltr'>in</span> <span class='ocrx_word' id='word_1_176' title='bbox 553 4028 708 4087; x_wconf 72' lang='lat' dir='ltr'>arnume</span> <span class='ocrx_word' id='word_1_177' title='bbox 719 4031 795 4086; x_wconf 87' lang='lat' dir='ltr'>libro</span> <span class='ocrx_word' id='word_1_178' title='bbox 815 4032 866 4102; x_wconf 90' lang='lat' dir='ltr'>qui</span> <span class='ocrx_word' id='word_1_179' title='bbox 883 4029 1110 4088; x_wconf 78' lang='lat' dir='ltr'>«Htatoriscbes</span> <span class='ocrx_word' id='word_1_180' title='bbox 1130 4029 1362 4088; x_wconf 78' lang='lat' dir='ltr'>Taschenbuch»</span> 
     </span>
     <span class='ocr_line' id='line_1_28' title="bbox 252 4125 630 4196; baseline 0.005 -14"><span class='ocrx_word' id='word_1_181' title='bbox 252 4129 436 4192; x_wconf 84' lang='lat' dir='ltr'>inscribitur,</span> <span class='ocrx_word' id='word_1_182' title='bbox 454 4141 486 4192; x_wconf 81' lang='lat' dir='ltr'>x,</span> <span class='ocrx_word' id='word_1_183' title='bbox 501 4125 555 4184; x_wconf 85' lang='grc'>460</span> <span class='ocrx_word' id='word_1_184' title='bbox 569 4131 630 4196; x_wconf 77' lang='lat' dir='ltr'>sq.)</span> 
     </span>
    </p>

    <p class='ocr_par' dir='ltr' id='par_1_13' title="bbox 286 4223 1089 4300">
     <span class='ocr_line' id='line_1_29' title="bbox 286 4223 1089 4300; baseline 0.004 -19"><span class='ocrx_word' id='word_1_185' title='bbox 286 4225 296 4261; x_wconf 83' lang='lat'>¹</span> <span class='ocrx_word' id='word_1_186' title='bbox 313 4225 387 4294; x_wconf 83' lang='lat' dir='ltr'>Quae</span> <span class='ocrx_word' id='word_1_187' title='bbox 403 4245 417 4278; x_wconf 77' lang='grc' dir='ltr'>ι</span> <span class='ocrx_word' id='word_1_188' title='bbox 432 4223 548 4281; x_wconf 80' lang='lat' dir='ltr'>Janaer</span> <span class='ocrx_word' id='word_1_189' title='bbox 561 4223 857 4300; x_wconf 69' lang='lat' dir='ltr'>Litteraturzeitunp</span> <span class='ocrx_word' id='word_1_190' title='bbox 873 4245 886 4278; x_wconf 76' lang='lat' dir='ltr'>r</span> <span class='ocrx_word' id='word_1_191' title='bbox 903 4227 1089 4284; x_wconf 88' lang='lat' dir='ltr'>inscribitur.</span> 
     </span>
    </p>

    <p class='ocr_par' dir='ltr' id='par_1_14' title="bbox 252 4321 1363 4590">
     <span class='ocr_line' id='line_1_30' title="bbox 286 4321 1363 4398; baseline 0.009 -22"><span class='ocrx_word' id='word_1_192' title='bbox 286 4321 327 4376; x_wconf 69' lang='grc' dir='ltr'><em>ἀ</em></span> <span class='ocrx_word' id='word_1_193' title='bbox 348 4321 427 4380; x_wconf 80' lang='lat' dir='ltr'>Sehr</span> <span class='ocrx_word' id='word_1_194' title='bbox 445 4322 603 4398; x_wconf 71' lang='lat' dir='ltr'>eineicbtiq</span> <span class='ocrx_word' id='word_1_195' title='bbox 621 4323 687 4380; x_wconf 81' lang='lat' dir='ltr'>und</span> <span class='ocrx_word' id='word_1_196' title='bbox 704 4326 775 4380; x_wconf 72' lang='lat' dir='ltr'>cart</span> <span class='ocrx_word' id='word_1_197' title='bbox 795 4344 808 4376; x_wconf 84' lang='lat'><strong>»</strong></span> <span class='ocrx_word' id='word_1_198' title='bbox 829 4326 895 4395; x_wconf 90' lang='lat' dir='ltr'>ipse</span> <span class='ocrx_word' id='word_1_199' title='bbox 914 4326 1056 4382; x_wconf 84' lang='lat' dir='ltr'>Goetbius</span> <span class='ocrx_word' id='word_1_200' title='bbox 1075 4327 1183 4396; x_wconf 84' lang='lat' dir='ltr'>inquit.</span> <span class='ocrx_word' id='word_1_201' title='bbox 1205 4327 1252 4394; x_wconf 87' lang='lat' dir='ltr'>(V.</span> <span class='ocrx_word' id='word_1_202' title='bbox 1273 4327 1363 4386; x_wconf 79' lang='lat' dir='ltr'>Dun-</span> 
     </span>
     <span class='ocr_line' id='line_1_31' title="bbox 252 4419 1361 4496; baseline 0.004 -18"><span class='ocrx_word' id='word_1_203' title='bbox 252 4433 362 4486; x_wconf 78' lang='lat' dir='ltr'>znnus‚</span> <span class='ocrx_word' id='word_1_204' title='bbox 387 4419 652 4495; x_wconf 73' lang='lat' dir='ltr'>Ertaeuterurtpen,</span> <span class='ocrx_word' id='word_1_205' title='bbox 678 4421 795 4479; x_wconf 80' lang='lat' dir='ltr'>Goethea</span> <span class='ocrx_word' id='word_1_206' title='bbox 820 4421 1218 4496; x_wconf 77' lang='lat' dir='ltr'>Wabtverwandtscbaften,</span> <span class='ocrx_word' id='word_1_207' title='bbox 1238 4425 1361 4495; x_wconf 86' lang='lat' dir='ltr'>Lipsiae,</span> 
     </span>
     <span class='ocr_line' id='line_1_32' title="bbox 253 4521 618 4590; baseline -0.005 -12"><span class='ocrx_word' id='word_1_208' title='bbox 253 4532 499 4583; x_wconf 78' lang='lat' dir='ltr'>uncccuxxvin,</span> <span class='ocrx_word' id='word_1_209' title='bbox 516 4535 545 4590; x_wconf 82' lang='lat' dir='ltr'>p.</span> <span class='ocrx_word' id='word_1_210' title='bbox 563 4521 618 4586; x_wconf 88' lang='lat'>15).</span> 
     </span>
    </p>
   </div>
   <div class='ocr_carea' id='block_1_12' title="bbox 1467 2961 1633 3020">
    <p class='ocr_par' dir='ltr' id='par_1_15' title="bbox 1467 2961 1633 3020">
     <span class='ocr_line' id='line_1_33' title="bbox 1467 2961 1633 3020; baseline 0 0"><span class='ocrx_word' id='word_1_211' title='bbox 1467 2961 1633 3020; x_wconf 79' lang='lat' dir='ltr'>Znnrnnus</span> 
     </span>
    </p>
   </div>
   <div class='ocr_carea' id='block_1_13' title="bbox 0 0 1829 5620">
    <p class='ocr_par' dir='ltr' id='par_1_16' title="bbox 0 0 1829 5620">
     <span class='ocr_line' id='line_1_34' title="bbox 0 0 1829 5620; baseline 0 0"><span class='ocrx_word' id='word_1_212' title='bbox 0 0 1829 5620; x_wconf 95' lang='lat' dir='ltr'> </span> 
     </span>
    </p>
   </div>
  </div>
 </body>
</html>
