3576 5622
136 1412 322 1477 AEQumruu

161 1511 299 1567 Remoto

134 2670 168 2726 F.
183 2671 332 2731 ttamen,

175 2767 293 2825 Proron

155 3541 312 3598 Rauenna

891 769 1047 829 ..Η-.-

415 907 503 980 dam
532 927 619 978 cum
652 905 842 1000 voluptate
875 903 1082 977 audivisset
1114 900 1332 996 (nombrend
1358 923 1451 973 mon
1482 901 1522 972 in

408 1029 529 1128 jener
564 1029 659 1101 Zeit
687 1029 736 1118 [id
761 1034 818 1102 est
838 1049 937 1101 anuo
967 1032 1134 1116 uruceurx]
1162 1025 1244 1100 und
1269 1035 1420 1124 spretor
1443 1025 1523 1096 mir

416 1154 508 1228 eben
534 1154 645 1227 nicht
676 1152 755 1226 ciel
780 1152 1056 1250 Anpenebmes
1092 1150 1187 1224 iiber
1213 1149 1335 1248 jenen
1364 1151 1524 1224 Roman

416 1279 618 1376 errer'pte).
635 1279 646 1320 ¹

466 1405 657 1500 Plerisque
679 1405 780 1476 enim
799 1405 895 1476 inter
925 1403 1093 1498 aequales
1113 1402 1359 1498 scriptoribus
1381 1400 1525 1473 videtur

417 1531 590 1604 Goetbius
609 1530 702 1602 libro
724 1550 794 1602 suo
815 1529 1048 1602 matrimonii
1068 1529 1284 1602 institutum
1317 1528 1523 1623 impugna-

417 1657 527 1730 visse.
551 1659 680 1751 Ipsum
705 1662 975 1748 argumentum
1000 1655 1232 1727 insectantur
1255 1652 1389 1741 critici,
1421 1673 1524 1748 prae-

416 1781 613 1878 cipuarum
631 1800 881 1876 personarum
901 1779 1139 1852 condiciones
1157 1779 1382 1873 vituperant,
1398 1797 1523 1849 rerum

416 1927 502 2002 quae
521 1911 722 1978 narrantur
741 1904 1027 2000 explicationem
1046 1902 1336 1999 reprehendunt,
1358 1901 1525 1974 clamant

417 2030 600 2126 quasdam
623 2050 684 2104 res
702 2030 924 2102 inhonestas
948 2049 1033 2102 esse
1058 2049 1067 2120 ;
1089 2049 1134 2100 ac
1158 2026 1297 2122 quibus
1322 2026 1367 2098 de
1397 2025 1525 2099 causis

417 2157 534 2229 totius
553 2157 679 2251 operis
702 2155 860 2226 virtutes
884 2162 921 2226 et
947 2160 1167 2227 venustates
1191 2153 1249 2224 vel
1272 2152 1446 2245 ignorant
1467 2149 1524 2222 vel

417 2286 656 2378 praetereunt.

466 2409 499 2478 N
502 2425 544 2477 ec
558 2404 699 2478 leniora
715 2410 804 2478 sunt
818 2424 877 2495 ea,
891 2425 975 2498 quae
990 2403 1146 2499 privatis
1160 2401 1294 2474 litteris
1308 2423 1425 2496 quam
1439 2421 1524 2494 quae

419 2529 566 2626 publice
587 2536 776 2602 notantur.
981 2603 984 2608 Α

468 2658 695 2728 Fnununrcus
714 2657 888 2746 Morcus,
910 2653 1135 2746 cognomine
1160 2654 1315 2742 Pidrou,
1344 2651 1408 2745 qui
1434 2672 1524 2746 pro-

419 2780 515 2852 iecto
535 2778 672 2853 fabulis
691 2778 917 2876 ancipitibus
936 2799 1010 2850 non
1030 2777 1301 2869 deterrebatur,
1323 2797 1396 2849 non
1412 2775 1525 2848 dubi-

418 2911 473 2977 tat
506 2905 587 2978 suis
606 2904 643 2975 in
664 2904 837 2999 epistulis
868 2903 1045 2994 scribere,
1068 2903 1261 2975 Goethium
1283 2927 1302 2972 a
1320 2907 1360 2974 ut
1375 2921 1526 2973 morum

418 3036 677 3126 corruptorem
702 3031 818 3122 virgis
848 3029 1070 3101 caedendum
1104 3048 1188 3102 esse
1217 3026 1281 3099 „a
1322 3026 1397 3100 Sibi
1426 3025 1526 3098 enim

418 3174 645 3251 persuasum
664 3155 779 3227 habet
800 3153 1012 3227 robustam
1032 3152 1267 3225 verecundiae
1287 3151 1528 3248 repugnanti-

417 3279 503 3370 bus,
526 3278 666 3354 talibus
685 3277 1033 3369 coniunctionibus,
1056 3279 1188 3373 quales
1208 3284 1296 3350 sunt
1316 3278 1412 3348 inter
1431 3277 1526 3349 Car-

419 3406 552 3480 lottam
571 3405 852 3495 etEduardum,
867 3411 989 3478 artem
1005 3403 1177 3475 imminui
1195 3410 1308 3496 atque
1321 3399 1522 3495 corrumpi.

467 3535 507 3604 In
532 3531 719 3604 Goethiani
744 3529 825 3604 iibri
851 3595 858 3620 ,
880 3549 1042 3601 censura
1063 3529 1084 3617 ',
1116 3549 1215 3622 quae,
1246 3548 1345 3599 anno
1371 3547 1523 3614 nocccx,

419 3658 456 3729 in
488 3652 732 3728 Halensr'bus
766 3653 942 3726 Diurnr's
981 3652 1239 3726 Litterarum
1270 3650 1526 3724 Commenta-

419 3781 497 3854 riis
523 3781 537 3824 ³
564 3782 750 3876 apparuit,
774 3781 949 3852 Rauenna
969 3779 1197 3852 sententiam
1228 3798 1340 3851 suam
1364 3776 1410 3848 de
1430 3795 1527 3848 novo

419 3929 532 4004 opere
557 3926 632 3978 non
656 3906 783 3978 minus
806 3905 942 3978 acriter
967 3904 1157 3999 exprimit.
1186 3905 1271 3975 Non
1295 3902 1421 3975 sotum
1445 3899 1528 3972 iibri
1575 3927 1577 3930 ·

453 4163 685 4239 *chspraectrc
710 4163 766 4219 mit
785 4161 893 4232 {Goetbe
909 4181 934 4226 v,
959 4163 1007 4218 ed.
1037 4163 1154 4218 Gustav
1182 4159 1410 4220 Moldenhauer,
1436 4171 1458 4220 1,
1478 4157 1530 4214 223
1551 4182 1554 4187 ·

420 4265 461 4332 (21
480 4265 545 4322 tan.
564 4267 788 4328 Muceoxxvu).

452 4363 464 4398 ²
481 4383 493 4416 α
511 4361 564 4418 Ais
579 4358 844 4419 Sittenoerderber
857 4359 914 4415 mit
929 4357 1052 4416 Rutbon
1066 4357 1227 4414 streicben.
1246 4377 1258 4408 o

453 4461 464 4496 ³
485 4459 671 4533 Attpemoioo
699 4457 1005 4530 Litteraturreitunp,
1037 4457 1123 4512 Hatis
1148 4456 1441 4516 Hermundurorum,
1463 4451 1528 4510 Jan.

419 4571 560 4622 unocurt,
577 4573 599 4616 1.
616 4558 661 4614 Cf.
678 4554 959 4618 Garbe-Janrtoct,
977 4569 1021 4621 vr,
1039 4555 1100 4612 352.
