3680 5612
884 819 1040 881 ,73-

411 963 581 1049 utemur,
626 957 817 1030 Goethium
862 955 1090 1030 habebimus
1130 957 1370 1053 profitentem
1420 976 1517 1052 opus

405 1103 519 1158 suum
544 1103 619 1155 non
643 1101 688 1154 ex
711 1081 904 1178 proposito
930 1082 1094 1176 quodam
1129 1082 1263 1157 morali
1291 1083 1358 1156 sed
1388 1081 1516 1178 potius

405 1208 589 1302 exipsius
625 1206 742 1281 animi
774 1207 1122 1304 perturbationibus
1156 1215 1282 1281 ortum
1316 1228 1413 1282 esse.
1447 1207 1515 1281 Die

405 1331 535 1428 quinto
559 1339 647 1405 ante
675 1333 808 1406 Nonas
832 1331 1003 1406 Octobris
1028 1353 1182 1406 uncucrx
1206 1331 1388 1406 liberatus
1412 1353 1512 1423 sum,

405 1457 538 1552 inquit,
560 1455 609 1529 ab
629 1455 691 1528 ilio
713 1477 838 1552 opere,
861 1478 983 1551 neque
1003 1478 1092 1530 vero
1113 1479 1136 1530 a
1160 1457 1344 1532 molestiis
1368 1479 1412 1530 ac
1433 1479 1516 1552 per-

405 1579 684 1655 turbationibus
712 1581 841 1672 animi,
877 1580 1016 1677 quibus
1045 1602 1107 1653 mc
1134 1559 1404 1675 argumentum
1434 1581 1516 1655 eius

404 1706 533 1779 afficit.
555 1704 566 1746 ¹
593 1706 689 1780 Dicit
718 1707 869 1802 penitus
892 1707 1020 1779 animo
1044 1705 1200 1780 insitum
1225 1727 1310 1780 esse
1334 1706 1384 1798 id,
1415 1706 1515 1801 quod

404 1830 602 1928 explicavit
627 1830 674 1922 ;2
717 1831 898 1904 contineri
937 1853 1049 1928 opere
1096 1831 1367 1925 gravissimum
1397 1829 1536 1934 animi=

404 1955 563 2048 vulnus,
591 1955 692 2050 quod
715 1963 913 2048 vereatur,
943 1977 990 2029 ne
1019 1957 1146 2051 ipsum
1182 1957 1369 2031 sarciatur
1398 1963 1435 2028 et
1469 1956 1518 2030 ad

404 2080 616 2154 cicatricem
636 2080 775 2172 veniat,
801 2079 973 2153 animum
991 2081 1056 2175 qui
1068 2081 1221 2172 timeat,
1244 2102 1291 2154 ne
1312 2080 1393 2176 ipse
1427 2101 1516 2152 con-

404 2205 574 2281 vaiescat
588 2213 625 2278 ct
644 2205 852 2302 resipiscat.
875 2205 889 2249 ⁸

102 2342 150 2399 Ao
166 2341 335 2398 urrunnu
452 2332 508 2405 Ad
522 2335 714 2405 Burnum
735 2337 865 2405 autem
883 2330 1012 2406 scribit
1032 2331 1218 2422 Goethius,
1239 2352 1280 2405 se
1295 2331 1422 2427 ipsum
1436 2329 1516 2402 ior-

403 2464 496 2530 tuna
515 2456 726 2547 hominum,
747 2477 845 2551 quos
865 2455 902 2527 in
922 2456 1015 2529 libro
1036 2477 1106 2530 suo
1127 2456 1244 2547 finxit,
1266 2455 1517 2528 vehementis-

403 2583 499 2657 sime
511 2588 746 2655 commotum
758 2581 1047 2674 esse,etinficta
1059 2581 1409 2672 historiasua‚utin
1421 2601 1517 2652 urna

403 2685 631 2796 cineraria‘,
652 2706 877 2779 memoriam
898 2704 1106 2779 multarum
1134 2705 1377 2780 lacrimarum
1401 2704 1517 2778 inclu-

404 2832 514 2923 sisse,
535 2851 633 2932 quas
651 2831 793 2904 effudit.

96 2971 340 3032 hononorem
452 2956 576 3031 Nihilo
608 2955 717 3030 aliter
748 2976 848 3028 anno
883 2977 1047 3029 nueccxv
1084 2951 1514 3050 (a.d.111.Non.Oct.)

403 3089 517 3181 poeta
535 3079 703 3155 S'unrrcro
726 3083 937 3171 Borssunhr,
960 3080 1158 3154 carissimo
1179 3100 1250 3154 suo
1271 3079 1408 3170 amico,
1432 3099 1517 3173 pro-

404 3210 531 3283 fitetur
550 3213 781 3303 quantopere
801 3205 966 3280 Ottiliam
990 3212 1094 3280 amet
1118 3213 1155 3278 et
1176 3211 1340 3300 quantos
1368 3203 1517 3276 dolores

403 3333 475 3431 ipsi
495 3354 592 3430 opus
611 3331 778 3405 attulerit
791 3329 825 3403 ⁵.
843 3333 980 3426 Atque,
998 3351 1085 3403 cum
1105 3332 1231 3404 Pruun
1251 3327 1405 3424 quidam
1421 3328 1515 3401 Min-

438 3589 526 3645 ¹Der
550 3587 640 3643 dritta
664 3587 799 3644 Oktober
818 3585 942 3642 beheite
958 3586 1039 3640 mich
1059 3599 1118 3640 von
1133 3586 1202 3641 dem
1220 3585 1326 3652 Werk,
1348 3586 1428 3642 ohne
1444 3585 1517 3641 dass

402 3687 452 3743 die
468 3685 674 3754 Empfindung
686 3683 744 3748 des
760 3684 877 3740 inhalts
896 3685 962 3738 sich
986 3697 1063 3753 ganz
1088 3684 1181 3739 haette
1200 3682 1347 3740 verlieren
1372 3683 1514 3739 koeunen.

402 3781 550 3846 Annales,
565 3797 647 3838 anno
662 3793 817 3845 uncoclx,
832 3782 925 3837 editio
941 3783 1080 3850 Hempel,
1098 3794 1202 3844 xxvn,
1219 3796 1248 3850 p.
1266 3780 1340 3846 187).

435 3881 446 3918 ²
464 3882 524 3937 Der
543 3879 622 3936 sun
632 3894 698 3935 war
713 3878 796 3934 aileu
810 3877 977 3934 bedeutcnd
995 3878 1061 3932 und
1074 3894 1114 3933 ru
1134 3877 1192 3949 ties
1206 3876 1240 3933 in
1262 3876 1325 3932 mir
1338 3877 1513 3951 pecuum-cit,

399 3981 446 4035 als
459 3980 534 4036 dass
548 3980 597 4034 ich
613 3979 666 4034 ihn
681 3978 735 4033 aut
747 3978 814 4034 eine
829 3992 864 4032 so
879 3978 993 4032 leichto
1004 3977 1110 4033 Weiss
1126 3977 1218 4032 haettc
1237 3977 1408 4048 beseitigen
1423 3977 1513 4032 hoen-

400 4089 471 4132 nen.
488 4072 626 4140 (Ibidem,
643 4077 820 4137 nnocovn).
1568 4144 1570 4148 .

433 4173 445 4208 ³
460 4172 610 4229 Niemand
624 4171 772 4226 verkennt
781 4185 819 4226 an
827 4171 944 4227 diesem
957 4170 1076 4227 Roman
1091 4168 1159 4224 eino
1178 4167 1510 4240 tioftcidonschafttiche

402 4269 528 4334 Wunde,
545 4267 653 4324 dicim
667 4267 777 4324 Heilou
790 4267 854 4323 sich
865 4283 907 4322 su
920 4266 1081 4323 sehiiesscn
1095 4265 1208 4336 scireut,
1223 4266 1275 4322 cin
1289 4265 1382 4330 Here,
1406 4267 1461 4323 das
1475 4283 1516 4322 ru

398 4385 528 4445 praesen
542 4366 687 4438 surchtct.
705 4364 899 4439 (Tapro-und
913 4363 1094 4435 Jareahcfte,
1112 4370 1278 4431 Muccclx).

438 4470 449 4504 ⁸
470 4487 484 4520 r
504 4463 568 4521 ch
587 4463 622 4519 in
640 4463 727 4520 einer
741 4462 948 4520 Gratum-ue.
967 4481 980 4514 r

433 4567 444 4601 ὅ
462 4585 475 4618 r
493 4563 533 4620 Er
548 4565 659 4633 sprach
670 4577 728 4618 von
744 4563 860 4619 seincm
875 4562 1077 4618 Vcrhaeltniss
1096 4577 1133 4617 zu
1148 4561 1281 4628 Ottilien‚
1302 4563 1408 4618 scribit
1423 4560 1518 4619 Bols-
