3576 5622
201 927 314 984 Lines

173 2935 356 2994 Conouusro

921 766 1078 827 ...ffl-

493 901 661 996 Denique
692 901 886 974 narraras
921 902 1049 975 Linon
1081 904 1158 998 qui,
1192 904 1355 977 breviter
1388 904 1554 998 quidem,

444 1013 737 1122 prudentissime
758 1046 860 1118 vero,
900 1025 946 1098 de
972 1026 1106 1101 litteris
1130 1029 1408 1103 Germanorum
1440 1029 1559 1102 disse-

444 1152 531 1242 ruit,
559 1149 769 1244 ,Electa-as
801 1147 1050 1247 affinitates
1087 1154 1217 1246 magni
1247 1154 1426 1246 aestimat,
1461 1175 1558 1248 quas

446 1302 465 1348 «
488 1298 605 1350 unum
627 1297 673 1349 ex
697 1276 850 1372 optimis
874 1276 1012 1350 Goethii
1036 1279 1186 1375 scriptis
1209 1300 1295 1353 esse
1317 1305 1335 1348 »
1362 1280 1555 1374 praedicat,

376 1385 390 1435 ⁵
444 1403 511 1478 scd
544 1408 653 1498 putat
672 1423 747 1474 non
773 1422 858 1475 esse
879 1402 1036 1476 dubium
1057 1403 1147 1498 quin
1169 1429 1188 1474 ι(
1216 1425 1326 1477 exeo
1350 1405 1472 1500 possit
1495 1403 1559 1476 in-

444 1527 574 1622 telligi,
597 1548 713 1621 quam
733 1527 841 1622 parvi
869 1528 1042 1601 Goethius
1075 1528 1121 1601 iis
1145 1528 1381 1626 temporibus
1406 1550 1557 1603 morum

444 1659 635 1750 praecepta
658 1653 905 1726 aestimaverit
932 1677 965 1725 a.
994 1653 1176 1734 Dissentit
1210 1655 1311 1727 enim
1335 1656 1560 1731 Parisiensis

443 1778 635 1876 professor
667 1799 691 1850 a
720 1777 909 1874 plerisque
944 1779 1143 1853 Germanis
1176 1780 1314 1854 criticis
1345 1802 1433 1855 curn
1461 1781 1562 1854 dicat

445 1903 638 1978 Goetbium
658 1902 708 1976 ab
727 1924 827 1976 anno
847 1924 1003 1978 nocuum
1016 1905 1160 1978 sensim
1180 1905 1369 1980 honestati
1391 1928 1561 1979 morum·

445 2050 519 2123 que
539 2028 738 2124 praeceptis
758 2027 924 2102 dillisum
945 2025 1195 2124 esse¹atque,
1222 2030 1335 2103 modo
1362 2031 1562 2104 defenden-

445 2154 516 2246 dis,
534 2153 648 2227 modo
663 2152 932 2250 impugnandis
947 2153 1096 2247 legibus
1107 2154 1316 2229 moralibus
1331 2156 1561 2230 delectatum

447 2299 546 2372 esse,
579 2280 714 2352 eadem
747 2279 1007 2352 serenatione
1041 2301 1118 2375 qua
1150 2281 1291 2356 nostris
1325 2282 1562 2378 temporibus

447 2405 633 2480 Anatolus
651 2408 795 2480 Franco
815 2405 869 2477 uti
889 2404 1023 2479 solet.¹

498 2529 696 2624 Intelleges
712 2537 855 2622 autem,
865 2530 902 2602 in
918 2530 1037 2604 altera
1052 2529 1165 2606 libelli
1179 2532 1298 2606 nostri
1313 2539 1433 2628 parte,
1445 2532 1560 2605 etiam

445 2655 486 2728 in
506 2655 577 2728 hac
597 2655 771 2750 opinione
790 2654 931 2750 aliquid
950 2656 1041 2728 recti
1061 2655 1198 2729 inesse.

498 2887 673 2962 Vidimus
692 2888 806 2980 igitur
840 2894 931 2982 quot
950 2886 1256 2983 praestantissimi
1291 2895 1328 2961 et
1362 2889 1564 2963 clarissimi

450 3013 702 3087 recentiorum
723 3019 937 3109 temporum
958 3013 1087 3104 critici,
1109 3019 1147 3084 et
1181 3013 1360 3086 Germani
1392 3020 1430 3086 et
1450 3016 1566 3087 Fran·

449 3138 598 3232 cogalli,
626 3135 832 3210 Electr'ccs
859 3135 1105 3234 Affini‘totee
1134 3137 1311 3212 laudibus
1334 3137 1563 3230 extulerunt,

449 3272 564 3358 atque
585 3263 776 3358 quomodo
797 3284 884 3336 cunr
905 3262 951 3336 iis
972 3263 1035 3357 qui
1056 3264 1333 3336 Germanarum
1353 3263 1565 3336 litterarum

450 3388 647 3462 historiam
671 3389 748 3460 scre
779 3395 1014 3478 creaverunt,
1044 3387 1092 3460 illi
1120 3389 1392 3480 consenserint,
1421 3388 1485 3484 qui
1510 3395 1566 3461 tot

450 3515 618 3587 virorum
642 3513 951 3588 doctissimorum
975 3512 1112 3586 iudicia
1143 3520 1179 3585 et
1210 3513 1420 3587 sententias
1453 3535 1563 3586 oom-

451 3640 550 3736 plexi
569 3646 670 3712 sunt.
781 3689 783 3696 -

500 3765 601 3838 Sitne
622 3763 760 3837 Goethii
775 3763 868 3836 liber
883 3763 1126 3858 antiquorum
1142 3770 1210 3835 aut
1225 3763 1434 3836 recentium
1450 3765 1567 3859 scrip-

452 3898 579 3965 torum
599 3890 784 3974 rationem
814 3896 852 3961 et
871 3889 973 3962 viam
1006 3889 1295 3979 secutus‘sitne
1329 3889 1567 3986 compositus

452 4016 596 4090 ratione
626 4015 731 4088 fatali
755 4021 925 4088 extrema
949 4035 998 4087 an
1022 4013 1240 4106 moderata3
1269 4020 1400 4087 utrum
1439 4013 1568 4086 matri-

487 4275 495 4310 ⁴
516 4293 529 4326 a
546 4274 568 4329 ll
582 4277 631 4330 est
646 4274 760 4329 certain
776 4287 835 4342 que
850 4273 909 4328 l'on
921 4275 992 4341 peut
1007 4275 1158 4342 ytrouver
1168 4272 1195 4326 lo
1210 4271 1294 4327 rellet
1305 4271 1342 4326 de
1353 4267 1569 4327 l’lndltlerence

452 4374 524 4442 qu’il
540 4373 621 4429 avait
636 4373 745 4428 accito
760 4373 878 4440 epoque
889 4385 966 4440 pour
980 4371 1025 4427 les
1037 4371 1195 4438 questions
1205 4369 1243 4425 de
1255 4370 1377 4426 morale.
1394 4365 1570 4434 »(Ταὸὶοαιι

452 4469 489 4526 cta
503 4470 535 4526 lc
549 4468 737 4526 Littdroture
752 4467 937 4533 alternanda,
953 4469 1081 4524 Lutetiae
1102 4467 1300 4534 Parisiorum,
1323 4477 1567 4530 uuoccnxxxru,

453 4585 483 4640 p.
501 4567 575 4634 128).
