3640 5620
739 775 952 848 far--

263 919 340 986 tate
359 919 397 986 et
416 910 595 1004 dignitate
616 909 751 984 morali
774 909 972 984 cuiusdam
998 911 1080 985 libri
1101 913 1277 1006 iudicare,
1300 934 1372 989 sae-

260 1037 345 1111 culo
374 1036 655 1110 undevicesimo
679 1034 831 1108 ineunte
865 1033 966 1128 editi,
999 1045 1174 1134 reputare
1206 1039 1371 1135 turpitu-

260 1163 388 1235 dinem
409 1160 617 1256 sordesque
635 1160 889 1254 quorumdam
904 1162 1130 1258 scriptorum
1150 1163 1368 1258 aequalium,

263 1294 305 1361 ut
328 1287 365 1359 in
388 1286 470 1359 Iulii
493 1286 620 1360 Vossii
638 1285 799 1382 scriptis.
823 1285 1014 1360 Goedelrus
1033 1295 1162 1360 autem
1182 1287 1373 1362 existimat

264 1412 455 1486 Goethium
483 1410 735 1507 periculosam
765 1411 917 1505 quidem
948 1419 985 1484 et
1011 1412 1250 1488 inhonestam
1281 1433 1372 1488 sane

265 1558 345 1610 rem
375 1536 610 1628 tractavisse,
636 1535 715 1628 sed,
743 1557 831 1608 eum
860 1542 1084 1609 tractantem
1108 1538 1229 1629 artr'c,
1255 1537 1375 1612 idest

264 1681 433 1754 morum,
449 1668 639 1759 praecepta
657 1669 832 1736 secutum
851 1682 936 1736 esse
951 1659 1250 1756 (hunstlerisch,
1275 1660 1315 1737 d.
1331 1661 1370 1737 h.

263 1785 450 1881 sittlich).
511 1885 513 1890 Ι

313 1911 471 1985 Videtur
502 1912 616 2005 igitur
650 1912 853 2004 Goedekus,
890 1913 1038 1985 utiam
1071 1911 1371 2014 KobersteiniuS,

265 2035 336 2110 sibi
349 2055 578 2132 persuasum
595 2036 774 2112 habuisse
790 2037 1086 2132 uniuscuiusque
1101 2037 1226 2134 operis
1240 2038 1375 2111 honos-

264 2167 383 2234 tatem
414 2161 673 2236 subiciendam
705 2183 790 2236 esse
823 2164 907 2255 arti,
943 2163 1002 2235 vel
1028 2163 1155 2260 potius
1185 2169 1376 2259 praeccpta

266 2286 424 2360 moralia
443 2308 518 2360 non
543 2286 672 2362 violari
695 2308 809 2383 posse
834 2311 858 2362 a
884 2288 1066 2384 scriptore
1089 2287 1376 2384 pulchritudinis

266 2411 371 2507 leges
402 2419 575 2486 servante
608 2413 886 2508 honestumque
919 2433 1005 2488 esse
1038 2412 1194 2508 quiquid
1227 2411 1376 2510 proprie

267 2556 430 2631 vereque
452 2536 597 2610 dicitur.

262 2737 264 2742 .
312 2661 544 2736 Adversatur
563 2662 1010 2756 GoedelrusGottschallO,
1026 2663 1093 2737 sed
1106 2684 1194 2737 cum
1206 2665 1376 2736 Diinzero

265 2787 462 2879 consentit,
485 2787 654 2861 scribens
677 2786 828 2875 Mittleri
854 2787 978 2861 verbis
1001 2788 1159 2885 exprimi
1182 2809 1268 2883 quae
1292 2789 1378 2862 Goe-

265 2911 367 2984 thius
384 2911 466 3007 ipse
485 2911 531 2985 dc
551 2912 781 2985 matrimonii
800 2912 971 2986 instituto
990 2914 1162 2986 senserit.
1186 2915 1281 2986 Cum
1300 2914 1378 2986 Ro·
1460 2925 1464 2932 ’

265 3035 485 3109 senkranzio
505 3044 543 3110 ct
565 3039 737 3110 uunzero
756 3043 865 3132 putat
883 3045 1153 3131 argumentum
1164 3037 1265 3112 illius
1277 3037 1374 3131 libri,

266 3181 379 3255 quem
418 3161 525 3234 multi
567 3163 810 3236 inhonestum
847 3147 1074 3255 habuerunt,
1120 3163 1157 3234 in
1199 3162 1377 3256 religione

266 3285 509 3378 matrimonii,
533 3286 800 3360 honestissimo
827 3285 888 3360 illo
908 3287 1106 3360 hominum
1131 3287 1226 3359 inter
1250 3287 1377 3360 homi-

265 3431 333 3484 nes
353 3411 546 3486 societatis
565 3411 823 3504 fundament0,
846 3419 1080 3486 exstructum
1101 3433 1198 3487 esse.
1222 3413 1379 3486 Videtur

265 3535 451 3628 Goethius,
486 3537 652 3610 Goedelro
686 3538 718 3612 si
749 3538 895 3630 credaS,
927 3538 1109 3632 singulari
1141 3537 1307 3633 quadam
1333 3559 1378 3610 ac

264 3661 414 3756 poetica
433 3662 549 3734 animi
569 3662 836 3757 tranquillitate
856 3663 1102 3760 explicavisse
1128 3684 1244 3758 quam
1271 3662 1378 3736 facile

265 3786 564 3881 matrimonium,
603 3787 790 3881 gradatim
829 3788 1011 3882 solutum,
1049 3788 1169 3864 altera
1203 3789 1379 3862 coniunc-

266 3910 366 3984 tione
400 3913 652 4009 suppleretur.
688 3913 803 3987 Putat
839 3921 966 3987 tamen
1002 3915 1193 3989 Goedelrus
1224 3920 1377 4011 poetam

269 4034 443 4111 docuisse
474 4059 533 4129 ea,
566 4059 653 4132 quae
683 4038 720 4110 in
745 4038 861 4113 rebus
879 4045 1025 4113 naturae
1044 4039 1147 4113 haud
1166 4038 1379 4133 effugienda

265 4160 354 4252 sint,
384 4163 421 4234 in
447 4163 646 4236 hominurn
675 4163 1001 4239 coniunctionibus
1028 4185 1103 4237 non
1131 4185 1217 4238 esse
1245 4141 1379 4237 eodem

266 4285 377 4359 modo
397 4287 625 4380 necessaria,
648 4288 737 4383 quia
756 4288 975 4363 hominibus
994 4289 1031 4362 id
1046 4289 1255 4383 contigerit,
1279 4287 1379 4384 quod

265 4417 302 4483 et
314 4412 484 4486 materiae
501 4419 538 4486 et
552 4413 688 4487 ceteris
702 4413 930 4490 animalibus
943 4415 1051 4507 desit,
1071 4415 1179 4490 idest
1195 4411 1375 4488 libertae.

266 4535 548 4612 Perabsurdum
562 4537 676 4631 igitur
691 4539 740 4614 sit
750 4547 884 4636 putare
902 4540 1095 4615 Goethium
1111 4538 1227 4614 rebus
1244 4540 1380 4614 huma·
