<?xml version="1.0" encoding="UTF-8"?>
<!DOCTYPE html PUBLIC "-//W3C//DTD XHTML 1.0 Transitional//EN"
    "http://www.w3.org/TR/xhtml1/DTD/xhtml1-transitional.dtd">
<html xmlns="http://www.w3.org/1999/xhtml" xml:lang="en" lang="en">
 <head>
  <title>
</title>
<meta http-equiv="Content-Type" content="text/html;charset=utf-8" />
  <meta name='ocr-system' content='tesseract 3.04.00' />
  <meta name='ocr-capabilities' content='ocr_page ocr_carea ocr_par ocr_line ocrx_word'/>
</head>
<body>
  <div class='ocr_page' id='page_1' title='image "./quidbonipericul00schogoog_0017.png"; bbox 0 0 3576 5622; ppageno 0'>
   <div class='ocr_carea' id='block_1_1' title="bbox 921 818 1059 876">
    <p class='ocr_par' dir='ltr' id='par_1_1' title="bbox 921 818 1059 876">
     <span class='ocr_line' id='line_1_1' title="bbox 921 818 1059 876; baseline 0 -14"><span class='ocrx_word' id='word_1_1' title='bbox 921 818 1059 876; x_wconf 76' lang='grc'><em>-8..</em></span> 
     </span>
    </p>
   </div>
   <div class='ocr_carea' id='block_1_2' title="bbox 426 949 1544 2924">
    <p class='ocr_par' dir='ltr' id='par_1_2' title="bbox 433 949 1544 1172">
     <span class='ocr_line' id='line_1_2' title="bbox 434 949 1544 1048; baseline -0.001 -25"><span class='ocrx_word' id='word_1_2' title='bbox 434 949 493 1024; x_wconf 89' lang='lat' dir='ltr'>vel</span> <span class='ocrx_word' id='word_1_3' title='bbox 520 951 688 1048; x_wconf 90' lang='lat' dir='ltr'>peiorem</span> <span class='ocrx_word' id='word_1_4' title='bbox 716 949 817 1042; x_wconf 88' lang='lat' dir='ltr'>iacit,</span> <span class='ocrx_word' id='word_1_5' title='bbox 847 958 964 1044; x_wconf 84' lang='lat' dir='ltr'>auget</span> <span class='ocrx_word' id='word_1_6' title='bbox 983 951 1042 1024; x_wconf 88' lang='lat' dir='ltr'>vel</span> <span class='ocrx_word' id='word_1_7' title='bbox 1066 951 1201 1024; x_wconf 90' lang='lat' dir='ltr'>minuit</span> <span class='ocrx_word' id='word_1_8' title='bbox 1226 951 1301 1023; x_wconf 90' lang='lat' dir='ltr'>vim</span> <span class='ocrx_word' id='word_1_9' title='bbox 1325 949 1442 1042; x_wconf 87' lang='lat' dir='ltr'>iilam,</span> <span class='ocrx_word' id='word_1_10' title='bbox 1469 969 1544 1044; x_wconf 87' lang='lat' dir='ltr'>qua</span> 
     </span>
     <span class='ocr_line' id='line_1_3' title="bbox 433 1074 1204 1172; baseline -0.001 -23"><span class='ocrx_word' id='word_1_11' title='bbox 433 1075 516 1150; x_wconf 90' lang='lat' dir='ltr'>sola</span> <span class='ocrx_word' id='word_1_12' title='bbox 535 1076 689 1149; x_wconf 90' lang='lat' dir='ltr'>adiutus</span> <span class='ocrx_word' id='word_1_13' title='bbox 709 1076 856 1148; x_wconf 90' lang='lat' dir='ltr'>vincere</span> <span class='ocrx_word' id='word_1_14' title='bbox 876 1082 1002 1172; x_wconf 86' lang='lat' dir='ltr'>potest</span> <span class='ocrx_word' id='word_1_15' title='bbox 1020 1074 1204 1150; x_wconf 86' lang='lat' dir='ltr'>malum.¹</span> 
     </span>
    </p>

    <p class='ocr_par' dir='ltr' id='par_1_3' title="bbox 426 1199 1544 2924">
     <span class='ocr_line' id='line_1_4' title="bbox 481 1199 1540 1296; baseline -0.001 -23"><span class='ocrx_word' id='word_1_16' title='bbox 481 1200 625 1285; x_wconf 86' lang='lat' dir='ltr'>Quibus</span> <span class='ocrx_word' id='word_1_17' title='bbox 645 1202 689 1275; x_wconf 92' lang='lat' dir='ltr'>de</span> <span class='ocrx_word' id='word_1_18' title='bbox 710 1201 850 1291; x_wconf 88' lang='lat' dir='ltr'>causis,</span> <span class='ocrx_word' id='word_1_19' title='bbox 870 1199 935 1274; x_wconf 91' lang='lat' dir='ltr'>ubi</span> <span class='ocrx_word' id='word_1_20' title='bbox 954 1200 1047 1274; x_wconf 91' lang='lat' dir='ltr'>liber</span> <span class='ocrx_word' id='word_1_21' title='bbox 1061 1201 1215 1296; x_wconf 90' lang='lat' dir='ltr'>quidam</span> <span class='ocrx_word' id='word_1_22' title='bbox 1228 1199 1450 1273; x_wconf 88' lang='lat' dir='ltr'>iudicandus</span> <span class='ocrx_word' id='word_1_23' title='bbox 1469 1205 1540 1290; x_wconf 90' lang='lat' dir='ltr'>est,</span> 
     </span>
     <span class='ocr_line' id='line_1_5' title="bbox 432 1323 1544 1423; baseline -0.002 -27"><span class='ocrx_word' id='word_1_24' title='bbox 432 1324 536 1399; x_wconf 93' lang='lat' dir='ltr'>nulla</span> <span class='ocrx_word' id='word_1_25' title='bbox 555 1327 706 1420; x_wconf 84' lang='lat' dir='ltr'>gravior</span> <span class='ocrx_word' id='word_1_26' title='bbox 726 1327 887 1421; x_wconf 83' lang='lat' dir='ltr'>quaestio</span> <span class='ocrx_word' id='word_1_27' title='bbox 907 1326 1065 1423; x_wconf 89' lang='lat' dir='ltr'>proponi</span> <span class='ocrx_word' id='word_1_28' title='bbox 1089 1332 1127 1398; x_wconf 91' lang='lat' dir='ltr'>et</span> <span class='ocrx_word' id='word_1_29' title='bbox 1146 1326 1311 1420; x_wconf 92' lang='lat' dir='ltr'>quodam</span> <span class='ocrx_word' id='word_1_30' title='bbox 1331 1324 1445 1397; x_wconf 92' lang='lat' dir='ltr'>modo</span> <span class='ocrx_word' id='word_1_31' title='bbox 1464 1323 1544 1416; x_wconf 84' lang='lat' dir='ltr'>agi-</span> 
     </span>
     <span class='ocr_line' id='line_1_6' title="bbox 432 1448 1542 1548; baseline -0.002 -24"><span class='ocrx_word' id='word_1_32' title='bbox 432 1452 502 1524; x_wconf 91' lang='lat' dir='ltr'>tari</span> <span class='ocrx_word' id='word_1_33' title='bbox 537 1458 674 1548; x_wconf 85' lang='lat' dir='ltr'>potest,</span> <span class='ocrx_word' id='word_1_34' title='bbox 710 1472 825 1547; x_wconf 86' lang='lat' dir='ltr'>quam</span> <span class='ocrx_word' id='word_1_35' title='bbox 858 1473 904 1524; x_wconf 89' lang='lat' dir='ltr'>ea</span> <span class='ocrx_word' id='word_1_36' title='bbox 936 1471 1022 1546; x_wconf 87' lang='lat' dir='ltr'>quae</span> <span class='ocrx_word' id='word_1_37' title='bbox 1056 1450 1105 1524; x_wconf 90' lang='lat' dir='ltr'>ad</span> <span class='ocrx_word' id='word_1_38' title='bbox 1133 1452 1209 1523; x_wconf 90' lang='lat' dir='ltr'>vim</span> <span class='ocrx_word' id='word_1_39' title='bbox 1245 1450 1409 1523; x_wconf 83' lang='lat' dir='ltr'>ethicam</span> <span class='ocrx_word' id='word_1_40' title='bbox 1443 1448 1542 1522; x_wconf 89' lang='lat' dir='ltr'>iilius</span> 
     </span>
     <span class='ocr_line' id='line_1_7' title="bbox 431 1575 1540 1673; baseline -0.005 -23"><span class='ocrx_word' id='word_1_41' title='bbox 431 1577 561 1673; x_wconf 91' lang='lat' dir='ltr'>scripti</span> <span class='ocrx_word' id='word_1_42' title='bbox 588 1583 747 1673; x_wconf 89' lang='lat' dir='ltr'>spectat.</span> <span class='ocrx_word' id='word_1_43' title='bbox 780 1576 871 1650; x_wconf 92' lang='lat' dir='ltr'>Plus</span> <span class='ocrx_word' id='word_1_44' title='bbox 895 1577 996 1649; x_wconf 91' lang='lat' dir='ltr'>enim</span> <span class='ocrx_word' id='word_1_45' title='bbox 1022 1575 1121 1649; x_wconf 90' lang='lat' dir='ltr'>valet</span> <span class='ocrx_word' id='word_1_46' title='bbox 1144 1577 1226 1649; x_wconf 84' lang='lat' dir='ltr'>haec</span> <span class='ocrx_word' id='word_1_47' title='bbox 1255 1577 1313 1650; x_wconf 87' lang='lat' dir='ltr'>vis</span> <span class='ocrx_word' id='word_1_48' title='bbox 1336 1576 1384 1649; x_wconf 89' lang='lat' dir='ltr'>ad</span> <span class='ocrx_word' id='word_1_49' title='bbox 1407 1575 1540 1668; x_wconf 84' lang='lat' dir='ltr'>legen-</span> 
     </span>
     <span class='ocr_line' id='line_1_8' title="bbox 431 1700 1540 1795; baseline -0.002 -21"><span class='ocrx_word' id='word_1_50' title='bbox 431 1701 527 1774; x_wconf 86' lang='lat' dir='ltr'><strong>tium</strong></span> <span class='ocrx_word' id='word_1_51' title='bbox 550 1701 702 1775; x_wconf 88' lang='lat' dir='ltr'>animos</span> <span class='ocrx_word' id='word_1_52' title='bbox 726 1702 862 1774; x_wconf 89' lang='lat' dir='ltr'>virtute</span> <span class='ocrx_word' id='word_1_53' title='bbox 886 1700 1124 1793; x_wconf 65' lang='lat' dir='ltr'>imbuendos</span> <span class='ocrx_word' id='word_1_54' title='bbox 1151 1722 1268 1795; x_wconf 87' lang='lat' dir='ltr'>quam</span> <span class='ocrx_word' id='word_1_55' title='bbox 1292 1721 1427 1773; x_wconf 90' lang='lat' dir='ltr'>omnes</span> <span class='ocrx_word' id='word_1_56' title='bbox 1450 1721 1540 1773; x_wconf 87' lang='lat' dir='ltr'>ora-</span> 
     </span>
     <span class='ocr_line' id='line_1_9' title="bbox 432 1824 1540 1922; baseline -0.004 -22"><span class='ocrx_word' id='word_1_57' title='bbox 432 1826 537 1900; x_wconf 85' lang='lat' dir='ltr'>toriae</span> <span class='ocrx_word' id='word_1_58' title='bbox 560 1827 719 1900; x_wconf 88' lang='lat' dir='ltr'>virtutes</span> <span class='ocrx_word' id='word_1_59' title='bbox 746 1832 861 1922; x_wconf 88' lang='lat' dir='ltr'>atque</span> <span class='ocrx_word' id='word_1_60' title='bbox 885 1825 1068 1901; x_wconf 88' lang='lat' dir='ltr'>scribendi</span> <span class='ocrx_word' id='word_1_61' title='bbox 1097 1847 1252 1900; x_wconf 90' lang='lat' dir='ltr'>veneres</span> <span class='ocrx_word' id='word_1_62' title='bbox 1275 1833 1313 1898; x_wconf 90' lang='lat' dir='ltr'>et</span> <span class='ocrx_word' id='word_1_63' title='bbox 1337 1824 1540 1898; x_wconf 92' lang='lat' dir='ltr'>verborum</span> 
     </span>
     <span class='ocr_line' id='line_1_10' title="bbox 430 1949 1537 2046; baseline -0.004 -22"><span class='ocrx_word' id='word_1_64' title='bbox 430 1951 676 2044; x_wconf 80' lang='lat' dir='ltr'>concinnitas,</span> <span class='ocrx_word' id='word_1_65' title='bbox 699 1951 771 2025; x_wconf 90' lang='lat' dir='ltr'>nisi</span> <span class='ocrx_word' id='word_1_66' title='bbox 794 1973 882 2024; x_wconf 89' lang='lat' dir='ltr'>eum</span> <span class='ocrx_word' id='word_1_67' title='bbox 911 1973 958 2024; x_wconf 88' lang='lat' dir='ltr'>ea</span> <span class='ocrx_word' id='word_1_68' title='bbox 986 1951 1196 2024; x_wconf 86' lang='lat' dir='ltr'>coniunctae</span> <span class='ocrx_word' id='word_1_69' title='bbox 1220 1950 1307 2024; x_wconf 92' lang='lat' dir='ltr'>sint.</span> <span class='ocrx_word' id='word_1_70' title='bbox 1334 1953 1464 2046; x_wconf 85' lang='lat' dir='ltr'>ltaque</span> <span class='ocrx_word' id='word_1_71' title='bbox 1487 1949 1537 2039; x_wconf 89' lang='lat' dir='ltr'>id,</span> 
     </span>
     <span class='ocr_line' id='line_1_11' title="bbox 430 2075 1541 2173; baseline -0.002 -23"><span class='ocrx_word' id='word_1_72' title='bbox 430 2077 531 2171; x_wconf 90' lang='lat' dir='ltr'>quod</span> <span class='ocrx_word' id='word_1_73' title='bbox 555 2075 627 2149; x_wconf 90' lang='lat' dir='ltr'>hac</span> <span class='ocrx_word' id='word_1_74' title='bbox 650 2076 904 2173; x_wconf 89' lang='lat' dir='ltr'>disputatione</span> <span class='ocrx_word' id='word_1_75' title='bbox 929 2075 1165 2168; x_wconf 77' lang='lat' dir='ltr'>tractabitur,</span> <span class='ocrx_word' id='word_1_76' title='bbox 1191 2097 1266 2148; x_wconf 96' lang='lat' dir='ltr'>non</span> <span class='ocrx_word' id='word_1_77' title='bbox 1295 2097 1372 2148; x_wconf 91' lang='lat' dir='ltr'>una</span> <span class='ocrx_word' id='word_1_78' title='bbox 1395 2075 1541 2170; x_wconf 82' lang='lat' dir='ltr'>quaevis</span> 
     </span>
     <span class='ocr_line' id='line_1_12' title="bbox 430 2200 1537 2296; baseline -0.001 -23"><span class='ocrx_word' id='word_1_79' title='bbox 430 2222 475 2274; x_wconf 82' lang='lat' dir='ltr'>ex</span> <span class='ocrx_word' id='word_1_80' title='bbox 500 2200 631 2275; x_wconf 89' lang='lat' dir='ltr'>multis</span> <span class='ocrx_word' id='word_1_81' title='bbox 659 2200 933 2296; x_wconf 83' lang='lat' dir='ltr'>quaestionibus</span> <span class='ocrx_word' id='word_1_82' title='bbox 963 2221 1048 2276; x_wconf 88' lang='lat' dir='ltr'>esse</span> <span class='ocrx_word' id='word_1_83' title='bbox 1077 2201 1170 2274; x_wconf 90' lang='lat' dir='ltr'>mihi</span> <span class='ocrx_word' id='word_1_84' title='bbox 1194 2200 1345 2295; x_wconf 93' lang='lat' dir='ltr'>quidem</span> <span class='ocrx_word' id='word_1_85' title='bbox 1377 2200 1537 2292; x_wconf 87' lang='lat' dir='ltr'>videtur,</span> 
     </span>
     <span class='ocr_line' id='line_1_13' title="bbox 429 2324 1536 2423; baseline -0.001 -24"><span class='ocrx_word' id='word_1_86' title='bbox 429 2346 516 2421; x_wconf 85' lang='lat' dir='ltr'>quae</span> <span class='ocrx_word' id='word_1_87' title='bbox 540 2327 711 2399; x_wconf 91' lang='lat' dir='ltr'>oriuntur</span> <span class='ocrx_word' id='word_1_88' title='bbox 738 2348 784 2400; x_wconf 84' lang='lat' dir='ltr'>ex</span> <span class='ocrx_word' id='word_1_89' title='bbox 813 2347 1041 2422; x_wconf 87' lang='lat' dir='ltr'>unoquoque</span> <span class='ocrx_word' id='word_1_90' title='bbox 1070 2347 1183 2423; x_wconf 89' lang='lat' dir='ltr'>opere</span> <span class='ocrx_word' id='word_1_91' title='bbox 1212 2326 1306 2398; x_wconf 89' lang='lat' dir='ltr'>tanti</span> <span class='ocrx_word' id='word_1_92' title='bbox 1330 2324 1536 2421; x_wconf 78' lang='lat' dir='ltr'>scriptoria,</span> 
     </span>
     <span class='ocr_line' id='line_1_14' title="bbox 429 2449 1539 2546; baseline -0.003 -23"><span class='ocrx_word' id='word_1_93' title='bbox 429 2450 552 2546; x_wconf 87' lang='lat' dir='ltr'>qualis</span> <span class='ocrx_word' id='word_1_94' title='bbox 587 2457 645 2525; x_wconf 88' lang='lat' dir='ltr'>est</span> <span class='ocrx_word' id='word_1_95' title='bbox 679 2451 865 2543; x_wconf 85' lang='lat' dir='ltr'>Goethius‚</span> <span class='ocrx_word' id='word_1_96' title='bbox 905 2452 972 2526; x_wconf 89' lang='lat' dir='ltr'>sed</span> <span class='ocrx_word' id='word_1_97' title='bbox 1003 2472 1157 2525; x_wconf 88' lang='lat' dir='ltr'>revera</span> <span class='ocrx_word' id='word_1_98' title='bbox 1187 2471 1345 2523; x_wconf 77' lang='lat' dir='ltr'>suntme</span> <span class='ocrx_word' id='word_1_99' title='bbox 1378 2449 1539 2544; x_wconf 84' lang='lat' dir='ltr'>quaestio</span> 
     </span>
     <span class='ocr_line' id='line_1_15' title="bbox 428 2575 1538 2671; baseline -0.001 -23"><span class='ocrx_word' id='word_1_100' title='bbox 428 2583 500 2668; x_wconf 86' lang='lat' dir='ltr'>est,</span> <span class='ocrx_word' id='word_1_101' title='bbox 527 2597 644 2671; x_wconf 89' lang='lat' dir='ltr'>quam</span> <span class='ocrx_word' id='word_1_102' title='bbox 668 2575 778 2650; x_wconf 91' lang='lat' dir='ltr'>nobis</span> <span class='ocrx_word' id='word_1_103' title='bbox 806 2575 1051 2650; x_wconf 88' lang='lat' dir='ltr'>celeberrima</span> <span class='ocrx_word' id='word_1_104' title='bbox 1078 2575 1234 2649; x_wconf 83' lang='lat' dir='ltr'>maximi</span> <span class='ocrx_word' id='word_1_105' title='bbox 1263 2577 1538 2648; x_wconf 87' lang='lat' dir='ltr'>Germanorum</span> 
     </span>
     <span class='ocr_line' id='line_1_16' title="bbox 426 2697 1539 2800; baseline -0.003 -27"><span class='ocrx_word' id='word_1_106' title='bbox 426 2708 549 2798; x_wconf 75' lang='lat' dir='ltr'>poetae</span> <span class='ocrx_word' id='word_1_107' title='bbox 569 2703 657 2775; x_wconf 87' lang='lat' dir='ltr'>ficta</span> <span class='ocrx_word' id='word_1_108' title='bbox 676 2701 847 2794; x_wconf 87' lang='lat' dir='ltr'>historia,</span> <span class='ocrx_word' id='word_1_109' title='bbox 875 2722 961 2796; x_wconf 89' lang='lat' dir='ltr'>quae</span> <span class='ocrx_word' id='word_1_110' title='bbox 985 2699 1023 2775; x_wconf 87' lang='lat' dir='ltr'><em>A</em></span> <span class='ocrx_word' id='word_1_111' title='bbox 1027 2697 1235 2800; x_wconf 71' lang='lat' dir='ltr'>[finitates</span> <span class='ocrx_word' id='word_1_112' title='bbox 1260 2698 1466 2773; x_wconf 75' lang='lat' dir='ltr'>etecttvae2</span> <span class='ocrx_word' id='word_1_113' title='bbox 1484 2699 1539 2771; x_wconf 95' lang='lat' dir='ltr'>in-</span> 
     </span>
     <span class='ocr_line' id='line_1_17' title="bbox 428 2827 890 2924; baseline 0.002 -25"><span class='ocrx_word' id='word_1_114' title='bbox 428 2827 568 2924; x_wconf 85' lang='lat' dir='ltr'>scripta</span> <span class='ocrx_word' id='word_1_115' title='bbox 589 2833 660 2919; x_wconf 79' lang='lat' dir='ltr'>est,</span> <span class='ocrx_word' id='word_1_116' title='bbox 681 2827 890 2924; x_wconf 85' lang='lat' dir='ltr'>proposuit.</span> 
     </span>
    </p>
   </div>
   <div class='ocr_carea' id='block_1_3' title="bbox 423 3106 1539 4653">
    <p class='ocr_par' dir='ltr' id='par_1_4' title="bbox 423 3106 1539 3964">
     <span class='ocr_line' id='line_1_18' title="bbox 461 3106 1539 3182; baseline 0.001 -18"><span class='ocrx_word' id='word_1_117' title='bbox 461 3110 471 3146; x_wconf 87' lang='lat'>⁴</span> <span class='ocrx_word' id='word_1_118' title='bbox 490 3107 567 3164; x_wconf 93' lang='lat' dir='ltr'>Cum</span> <span class='ocrx_word' id='word_1_119' title='bbox 586 3108 625 3164; x_wconf 86' lang='lat' dir='ltr'>de</span> <span class='ocrx_word' id='word_1_120' title='bbox 644 3109 724 3162; x_wconf 92' lang='lat' dir='ltr'>bono</span> <span class='ocrx_word' id='word_1_121' title='bbox 743 3106 791 3162; x_wconf 86' lang='lat' dir='ltr'>vel</span> <span class='ocrx_word' id='word_1_122' title='bbox 816 3107 907 3170; x_wconf 87' lang='lat' dir='ltr'>malo,</span> <span class='ocrx_word' id='word_1_123' title='bbox 927 3106 966 3162; x_wconf 87' lang='lat' dir='ltr'>de</span> <span class='ocrx_word' id='word_1_124' title='bbox 980 3109 1161 3182; x_wconf 76' lang='lat' dir='ltr'>auctoritate</span> <span class='ocrx_word' id='word_1_125' title='bbox 1175 3109 1290 3164; x_wconf 86' lang='lat' dir='ltr'>salubri</span> <span class='ocrx_word' id='word_1_126' title='bbox 1306 3109 1352 3164; x_wconf 89' lang='lat' dir='ltr'>vei</span> <span class='ocrx_word' id='word_1_127' title='bbox 1368 3110 1539 3179; x_wconf 87' lang='lat' dir='ltr'>perniciosa</span> 
     </span>
     <span class='ocr_line' id='line_1_19' title="bbox 427 3205 1538 3277; baseline 0 -14"><span class='ocrx_word' id='word_1_128' title='bbox 427 3209 601 3277; x_wconf 85' lang='lat' dir='ltr'>loquamur,</span> <span class='ocrx_word' id='word_1_129' title='bbox 617 3207 752 3261; x_wconf 86' lang='lat' dir='ltr'>rationes</span> <span class='ocrx_word' id='word_1_130' title='bbox 767 3206 898 3261; x_wconf 84' lang='lat' dir='ltr'>morales</span> <span class='ocrx_word' id='word_1_131' title='bbox 913 3205 1027 3260; x_wconf 88' lang='lat' dir='ltr'>nostris</span> <span class='ocrx_word' id='word_1_132' title='bbox 1041 3207 1230 3275; x_wconf 84' lang='lat' dir='ltr'>temporibus</span> <span class='ocrx_word' id='word_1_133' title='bbox 1245 3207 1379 3276; x_wconf 83' lang='lat' dir='ltr'>undique</span> <span class='ocrx_word' id='word_1_134' title='bbox 1394 3209 1538 3276; x_wconf 88' lang='lat' dir='ltr'>probatas</span> 
     </span>
     <span class='ocr_line' id='line_1_20' title="bbox 427 3303 1538 3375; baseline -0.002 -13"><span class='ocrx_word' id='word_1_135' title='bbox 427 3305 595 3374; x_wconf 85' lang='lat' dir='ltr'>sequimur.</span> <span class='ocrx_word' id='word_1_136' title='bbox 613 3304 717 3372; x_wconf 89' lang='lat' dir='ltr'>ltaque</span> <span class='ocrx_word' id='word_1_137' title='bbox 733 3305 879 3371; x_wconf 86' lang='lat' dir='ltr'>putamus</span> <span class='ocrx_word' id='word_1_138' title='bbox 897 3304 937 3358; x_wconf 91' lang='lat' dir='ltr'>ab</span> <span class='ocrx_word' id='word_1_139' title='bbox 960 3304 1103 3358; x_wconf 89' lang='lat' dir='ltr'>omnibus</span> <span class='ocrx_word' id='word_1_140' title='bbox 1123 3304 1247 3360; x_wconf 85' lang='lat' dir='ltr'>concedi</span> <span class='ocrx_word' id='word_1_141' title='bbox 1265 3303 1431 3374; x_wconf 76' lang='lat' dir='ltr'>flagrantes</span> <span class='ocrx_word' id='word_1_142' title='bbox 1450 3307 1538 3375; x_wconf 88' lang='lat' dir='ltr'>eupi-</span> 
     </span>
     <span class='ocr_line' id='line_1_21' title="bbox 425 3401 1537 3471; baseline 0 -13"><span class='ocrx_word' id='word_1_143' title='bbox 425 3405 513 3460; x_wconf 87' lang='lat' dir='ltr'>dines</span> <span class='ocrx_word' id='word_1_144' title='bbox 532 3402 716 3458; x_wconf 85' lang='lat' dir='ltr'>coercendas</span> <span class='ocrx_word' id='word_1_145' title='bbox 738 3403 918 3470; x_wconf 79' lang='lat' dir='ltr'>essemque</span> <span class='ocrx_word' id='word_1_146' title='bbox 938 3401 1175 3466; x_wconf 87' lang='lat' dir='ltr'>matrimonium,</span> <span class='ocrx_word' id='word_1_147' title='bbox 1196 3405 1340 3471; x_wconf 87' lang='lat' dir='ltr'>quoniam</span> <span class='ocrx_word' id='word_1_148' title='bbox 1365 3404 1537 3460; x_wconf 88' lang='lat' dir='ltr'>institutum</span> 
     </span>
     <span class='ocr_line' id='line_1_22' title="bbox 425 3500 1536 3571; baseline -0.001 -14"><span class='ocrx_word' id='word_1_149' title='bbox 425 3506 483 3564; x_wconf 85' lang='lat' dir='ltr'>est,</span> <span class='ocrx_word' id='word_1_150' title='bbox 503 3515 564 3557; x_wconf 94' lang='lat' dir='ltr'>non</span> <span class='ocrx_word' id='word_1_151' title='bbox 583 3502 685 3555; x_wconf 88' lang='lat' dir='ltr'>minus</span> <span class='ocrx_word' id='word_1_152' title='bbox 704 3502 845 3554; x_wconf 89' lang='lat' dir='ltr'>sanctum</span> <span class='ocrx_word' id='word_1_153' title='bbox 864 3513 944 3562; x_wconf 83' lang='lat' dir='ltr'>esse,</span> <span class='ocrx_word' id='word_1_154' title='bbox 968 3513 1060 3568; x_wconf 90' lang='lat' dir='ltr'>quam</span> <span class='ocrx_word' id='word_1_155' title='bbox 1085 3500 1191 3556; x_wconf 86' lang='lat' dir='ltr'>datum</span> <span class='ocrx_word' id='word_1_156' title='bbox 1211 3501 1435 3565; x_wconf 85' lang='lat' dir='ltr'>iusiurandum,</span> <span class='ocrx_word' id='word_1_157' title='bbox 1455 3501 1536 3571; x_wconf 88' lang='lat' dir='ltr'>quod</span> 
     </span>
     <span class='ocr_line' id='line_1_23' title="bbox 425 3597 1536 3669; baseline 0.001 -15"><span class='ocrx_word' id='word_1_158' title='bbox 425 3613 497 3662; x_wconf 88' lang='lat' dir='ltr'>non,</span> <span class='ocrx_word' id='word_1_159' title='bbox 508 3600 567 3655; x_wconf 89' lang='lat' dir='ltr'>nisi</span> <span class='ocrx_word' id='word_1_160' title='bbox 583 3599 713 3655; x_wconf 89' lang='lat' dir='ltr'>summis</span> <span class='ocrx_word' id='word_1_161' title='bbox 729 3599 758 3652; x_wconf 90' lang='lat' dir='ltr'>in</span> <span class='ocrx_word' id='word_1_162' title='bbox 773 3597 1014 3664; x_wconf 70' lang='lat' dir='ltr'>difficultatibus</span> <span class='ocrx_word' id='word_1_163' title='bbox 1025 3599 1249 3669; x_wconf 81' lang='lat' dir='ltr'>neglegendum</span> <span class='ocrx_word' id='word_1_164' title='bbox 1260 3601 1317 3655; x_wconf 89' lang='lat' dir='ltr'>est.</span> <span class='ocrx_word' id='word_1_165' title='bbox 1330 3598 1424 3654; x_wconf 85' lang='lat' dir='ltr'>Erant</span> <span class='ocrx_word' id='word_1_166' title='bbox 1433 3604 1536 3656; x_wconf 85' lang='lat' dir='ltr'>autem</span> 
     </span>
     <span class='ocr_line' id='line_1_24' title="bbox 425 3696 1538 3766; baseline 0.002 -14"><span class='ocrx_word' id='word_1_167' title='bbox 425 3697 492 3753; x_wconf 83' lang='lat' dir='ltr'>baec</span> <span class='ocrx_word' id='word_1_168' title='bbox 511 3697 659 3766; x_wconf 87' lang='lat' dir='ltr'>principia</span> <span class='ocrx_word' id='word_1_169' title='bbox 687 3696 814 3766; x_wconf 87' lang='lat' dir='ltr'>adquae</span> <span class='ocrx_word' id='word_1_170' title='bbox 840 3698 1039 3764; x_wconf 85' lang='lat' dir='ltr'>pervenerant</span> <span class='ocrx_word' id='word_1_171' title='bbox 1060 3697 1285 3764; x_wconf 80' lang='lat' dir='ltr'>praeclarissimi</span> <span class='ocrx_word' id='word_1_172' title='bbox 1310 3697 1435 3766; x_wconf 87' lang='lat' dir='ltr'>quidam</span> <span class='ocrx_word' id='word_1_173' title='bbox 1461 3699 1538 3754; x_wconf 87' lang='lat' dir='ltr'>inter</span> 
     </span>
     <span class='ocr_line' id='line_1_25' title="bbox 423 3793 1537 3864; baseline 0.001 -14"><span class='ocrx_word' id='word_1_174' title='bbox 423 3799 542 3851; x_wconf 89' lang='lat' dir='ltr'>veteres</span> <span class='ocrx_word' id='word_1_175' title='bbox 565 3794 775 3864; x_wconf 85' lang='lat' dir='ltr'>philosophos,</span> <span class='ocrx_word' id='word_1_176' title='bbox 796 3793 848 3862; x_wconf 88' lang='lat' dir='ltr'>qui</span> <span class='ocrx_word' id='word_1_177' title='bbox 873 3794 989 3862; x_wconf 82' lang='lat' dir='ltr'>saepius</span> <span class='ocrx_word' id='word_1_178' title='bbox 1007 3793 1217 3850; x_wconf 87' lang='lat' dir='ltr'>iudicaverunt</span> <span class='ocrx_word' id='word_1_179' title='bbox 1237 3796 1422 3852; x_wconf 88' lang='lat' dir='ltr'>matrimonii</span> <span class='ocrx_word' id='word_1_180' title='bbox 1447 3797 1537 3853; x_wconf 87' lang='lat' dir='ltr'>iusti-</span> 
     </span>
     <span class='ocr_line' id='line_1_26' title="bbox 424 3892 1230 3964; baseline -0.002 -14"><span class='ocrx_word' id='word_1_181' title='bbox 424 3897 524 3950; x_wconf 92' lang='lat' dir='ltr'>tutum</span> <span class='ocrx_word' id='word_1_182' title='bbox 540 3893 704 3964; x_wconf 90' lang='lat' dir='ltr'>plurimum</span> <span class='ocrx_word' id='word_1_183' title='bbox 717 3893 818 3948; x_wconf 85' lang='lat' dir='ltr'>valere</span> <span class='ocrx_word' id='word_1_184' title='bbox 833 3892 872 3948; x_wconf 87' lang='lat' dir='ltr'>ad</span> <span class='ocrx_word' id='word_1_185' title='bbox 888 3905 988 3948; x_wconf 86' lang='lat' dir='ltr'>mores</span> <span class='ocrx_word' id='word_1_186' title='bbox 1003 3892 1230 3950; x_wconf 90' lang='lat' dir='ltr'>iniormandos:</span> 
     </span>
    </p>

    <p class='ocr_par' dir='ltr' id='par_1_5' title="bbox 566 3989 1447 4160">
     <span class='ocr_line' id='line_1_27' title="bbox 708 3989 1296 4061; baseline 0.009 -18"><span class='ocrx_word' id='word_1_187' title='bbox 708 4033 715 4047; x_wconf 92' lang='lat'><strong>.</strong></span> <span class='ocrx_word' id='word_1_188' title='bbox 733 4031 740 4045; x_wconf 95' lang='lat'>.</span> <span class='ocrx_word' id='word_1_189' title='bbox 759 4033 766 4047; x_wconf 90' lang='lat'><strong>.</strong></span> <span class='ocrx_word' id='word_1_190' title='bbox 783 4009 796 4042; x_wconf 71' lang='lat' dir='ltr'>r</span> <span class='ocrx_word' id='word_1_191' title='bbox 813 3989 869 4045; x_wconf 86' lang='lat' dir='ltr'>iuti</span> <span class='ocrx_word' id='word_1_192' title='bbox 884 3989 951 4045; x_wconf 80' lang='lat' dir='ltr'>baec</span> <span class='ocrx_word' id='word_1_193' title='bbox 965 3992 1116 4060; x_wconf 87' lang='lat' dir='ltr'>sapientia</span> <span class='ocrx_word' id='word_1_194' title='bbox 1131 3993 1296 4061; x_wconf 87' lang='lat' dir='ltr'>quondam,</span> 
     </span>
     <span class='ocr_line' id='line_1_28' title="bbox 566 4088 1447 4160; baseline 0.001 -13"><span class='ocrx_word' id='word_1_195' title='bbox 566 4133 573 4147; x_wconf 91' lang='lat'><strong>.</strong></span> <span class='ocrx_word' id='word_1_196' title='bbox 591 4130 598 4144; x_wconf 92' lang='lat'><strong>.</strong></span> <span class='ocrx_word' id='word_1_197' title='bbox 616 4131 623 4146; x_wconf 90' lang='lat'>.</span> <span class='ocrx_word' id='word_1_198' title='bbox 640 4088 810 4145; x_wconf 83' lang='lat' dir='ltr'>Concubitu</span> <span class='ocrx_word' id='word_1_199' title='bbox 826 4088 984 4158; x_wconf 83' lang='lat' dir='ltr'>prohibere</span> <span class='ocrx_word' id='word_1_200' title='bbox 997 4103 1087 4160; x_wconf 83' lang='lat' dir='ltr'>vago,</span> <span class='ocrx_word' id='word_1_201' title='bbox 1104 4089 1180 4145; x_wconf 83' lang='lat' dir='ltr'>dare</span> <span class='ocrx_word' id='word_1_202' title='bbox 1193 4089 1267 4146; x_wconf 83' lang='lat' dir='ltr'>iura</span> <span class='ocrx_word' id='word_1_203' title='bbox 1282 4089 1405 4148; x_wconf 78' lang='lat' dir='ltr'>maritis</span> <span class='ocrx_word' id='word_1_204' title='bbox 1421 4109 1447 4148; x_wconf 69' lang='lat' dir='ltr'>a.</span> 
     </span>
    </p>

    <p class='ocr_par' dir='ltr' id='par_1_6' title="bbox 423 4187 1536 4554">
     <span class='ocr_line' id='line_1_29' title="bbox 423 4187 1536 4259; baseline 0.001 -14"><span class='ocrx_word' id='word_1_205' title='bbox 423 4187 491 4245; x_wconf 90' lang='lat' dir='ltr'>Non</span> <span class='ocrx_word' id='word_1_206' title='bbox 505 4187 631 4244; x_wconf 89' lang='lat' dir='ltr'>dubium</span> <span class='ocrx_word' id='word_1_207' title='bbox 646 4190 694 4243; x_wconf 90' lang='lat' dir='ltr'>est</span> <span class='ocrx_word' id='word_1_208' title='bbox 717 4187 790 4256; x_wconf 91' lang='lat' dir='ltr'>quin</span> <span class='ocrx_word' id='word_1_209' title='bbox 811 4188 900 4255; x_wconf 87' lang='lat' dir='ltr'>piane</span> <span class='ocrx_word' id='word_1_210' title='bbox 919 4187 1066 4243; x_wconf 86' lang='lat' dir='ltr'>mutanda</span> <span class='ocrx_word' id='word_1_211' title='bbox 1084 4192 1166 4244; x_wconf 88' lang='lat' dir='ltr'>esset</span> <span class='ocrx_word' id='word_1_212' title='bbox 1189 4188 1281 4244; x_wconf 90' lang='lat' dir='ltr'>huius</span> <span class='ocrx_word' id='word_1_213' title='bbox 1304 4189 1536 4259; x_wconf 88' lang='lat' dir='ltr'>disceptationis</span> 
     </span>
     <span class='ocr_line' id='line_1_30' title="bbox 423 4285 1534 4357; baseline 0.001 -15"><span class='ocrx_word' id='word_1_214' title='bbox 423 4288 500 4343; x_wconf 91' lang='lat' dir='ltr'>ratio</span> <span class='ocrx_word' id='word_1_215' title='bbox 515 4287 676 4356; x_wconf 86' lang='lat' dir='ltr'>atquevia,</span> <span class='ocrx_word' id='word_1_216' title='bbox 692 4285 718 4340; x_wconf 90' lang='lat' dir='ltr'>si</span> <span class='ocrx_word' id='word_1_217' title='bbox 733 4299 803 4340; x_wconf 89' lang='lat' dir='ltr'>cum</span> <span class='ocrx_word' id='word_1_218' title='bbox 814 4285 875 4341; x_wconf 87' lang='lat' dir='ltr'>iilis</span> <span class='ocrx_word' id='word_1_219' title='bbox 888 4286 1073 4354; x_wconf 85' lang='lat' dir='ltr'>disputaturi</span> <span class='ocrx_word' id='word_1_220' title='bbox 1083 4299 1233 4350; x_wconf 86' lang='lat' dir='ltr'>essemus,</span> <span class='ocrx_word' id='word_1_221' title='bbox 1245 4289 1297 4357; x_wconf 87' lang='lat' dir='ltr'>qui</span> <span class='ocrx_word' id='word_1_222' title='bbox 1309 4291 1417 4356; x_wconf 84' lang='lat' dir='ltr'>putam</span> <span class='ocrx_word' id='word_1_223' title='bbox 1432 4289 1534 4346; x_wconf 90' lang='lat' dir='ltr'>libidi-</span> 
     </span>
     <span class='ocr_line' id='line_1_31' title="bbox 423 4383 1533 4455; baseline 0.003 -15"><span class='ocrx_word' id='word_1_224' title='bbox 423 4386 513 4442; x_wconf 90' lang='lat' dir='ltr'>nibus</span> <span class='ocrx_word' id='word_1_225' title='bbox 528 4385 641 4439; x_wconf 89' lang='lat' dir='ltr'>innatis</span> <span class='ocrx_word' id='word_1_226' title='bbox 651 4383 819 4440; x_wconf 84' lang='lat' dir='ltr'>cedendum</span> <span class='ocrx_word' id='word_1_227' title='bbox 834 4397 913 4446; x_wconf 87' lang='lat' dir='ltr'>osse,</span> <span class='ocrx_word' id='word_1_228' title='bbox 925 4388 979 4440; x_wconf 89' lang='lat' dir='ltr'>aut</span> <span class='ocrx_word' id='word_1_229' title='bbox 994 4399 1063 4441; x_wconf 93' lang='lat' dir='ltr'>cum</span> <span class='ocrx_word' id='word_1_230' title='bbox 1075 4387 1122 4449; x_wconf 86' lang='lat' dir='ltr'>iis,</span> <span class='ocrx_word' id='word_1_231' title='bbox 1134 4387 1186 4455; x_wconf 86' lang='lat' dir='ltr'>qui</span> <span class='ocrx_word' id='word_1_232' title='bbox 1197 4389 1338 4442; x_wconf 83' lang='lat' dir='ltr'>sanctum</span> <span class='ocrx_word' id='word_1_233' title='bbox 1348 4400 1417 4443; x_wconf 85' lang='lat' dir='ltr'>esso</span> <span class='ocrx_word' id='word_1_234' title='bbox 1427 4387 1533 4444; x_wconf 89' lang='lat' dir='ltr'>datum</span> 
     </span>
     <span class='ocr_line' id='line_1_32' title="bbox 423 4483 1271 4554; baseline 0.002 -15"><span class='ocrx_word' id='word_1_235' title='bbox 423 4483 635 4540; x_wconf 88' lang='lat' dir='ltr'>iusiurandum</span> <span class='ocrx_word' id='word_1_236' title='bbox 649 4486 741 4552; x_wconf 85' lang='lat' dir='ltr'>atque</span> <span class='ocrx_word' id='word_1_237' title='bbox 756 4483 942 4539; x_wconf 89' lang='lat' dir='ltr'>matrimonii</span> <span class='ocrx_word' id='word_1_238' title='bbox 957 4483 1131 4540; x_wconf 87' lang='lat' dir='ltr'>institutum</span> <span class='ocrx_word' id='word_1_239' title='bbox 1147 4486 1271 4554; x_wconf 82' lang='lat' dir='ltr'>negant.</span> 
     </span>
    </p>

    <p class='ocr_par' dir='ltr' id='par_1_7' title="bbox 456 4577 1532 4653">
     <span class='ocr_line' id='line_1_33' title="bbox 456 4577 1532 4653; baseline 0.006 -19"><span class='ocrx_word' id='word_1_240' title='bbox 456 4581 467 4618; x_wconf 86' lang='lat'><strong>¹</strong></span> <span class='ocrx_word' id='word_1_241' title='bbox 485 4601 498 4634; x_wconf 73' lang='lat' dir='ltr'>a</span> <span class='ocrx_word' id='word_1_242' title='bbox 515 4577 668 4638; x_wconf 79' lang='lat' dir='ltr'>Electivuo</span> <span class='ocrx_word' id='word_1_243' title='bbox 684 4599 709 4644; x_wconf 68' lang='grc' dir='ltr'>ν,</span> <span class='ocrx_word' id='word_1_244' title='bbox 725 4581 783 4637; x_wconf 87' lang='lat' dir='ltr'>nisi</span> <span class='ocrx_word' id='word_1_245' title='bbox 798 4581 881 4652; x_wconf 87' lang='lat' dir='ltr'>apud</span> <span class='ocrx_word' id='word_1_246' title='bbox 896 4579 1072 4638; x_wconf 83' lang='lat' dir='ltr'>Ciceronem</span> <span class='ocrx_word' id='word_1_247' title='bbox 1092 4586 1145 4638; x_wconf 88' lang='lat' dir='ltr'>aut</span> <span class='ocrx_word' id='word_1_248' title='bbox 1159 4584 1237 4639; x_wconf 88' lang='lat' dir='ltr'>aiios</span> <span class='ocrx_word' id='word_1_249' title='bbox 1256 4584 1399 4653; x_wconf 85' lang='lat' dir='ltr'>antiquos</span> <span class='ocrx_word' id='word_1_250' title='bbox 1418 4583 1532 4642; x_wconf 82' lang='lat' dir='ltr'>Roma-</span> 
     </span>
    </p>
   </div>
   <div class='ocr_carea' id='block_1_4' title="bbox 0 0 1792 5622">
    <p class='ocr_par' dir='ltr' id='par_1_8' title="bbox 0 0 1792 5622">
     <span class='ocr_line' id='line_1_34' title="bbox 0 0 1792 5622; baseline 0 4"><span class='ocrx_word' id='word_1_251' title='bbox 0 0 1792 5622; x_wconf 95' lang='lat' dir='ltr'> </span> 
     </span>
    </p>
   </div>
   <div class='ocr_carea' id='block_1_5' title="bbox 1784 2785 1791 3756">
    <p class='ocr_par' dir='ltr' id='par_1_9' title="bbox 1784 2785 1791 3756">
     <span class='ocr_line' id='line_1_35' title="bbox 1784 2785 1791 3756; baseline 0 0"><span class='ocrx_word' id='word_1_252' title='bbox 1784 2785 1791 3756; x_wconf 95' lang='lat' dir='ltr'> </span> 
     </span>
    </p>
   </div>
   <div class='ocr_carea' id='block_1_6' title="bbox 1784 2785 1791 3756">
    <p class='ocr_par' dir='ltr' id='par_1_10' title="bbox 1784 2785 1791 3756">
     <span class='ocr_line' id='line_1_36' title="bbox 1784 2785 1791 3756; baseline 0 0"><span class='ocrx_word' id='word_1_253' title='bbox 1784 2785 1791 3756; x_wconf 95' lang='lat' dir='ltr'> </span> 
     </span>
    </p>
   </div>
  </div>
 </body>
</html>
