3654 5644
679 1015 900 1094 CAPUT
933 1015 968 1090 II

514 1201 628 1286 QUID
654 1201 704 1273 IN
730 1201 977 1274 GOETHIANI
1004 1197 1131 1272 LIBRI

578 1353 800 1428 MATERIA
825 1351 887 1425 ET
912 1351 1073 1424 REBUS

463 1506 607 1582 UTILE
634 1505 695 1578 ET
721 1503 849 1576 VITAE
875 1501 1096 1576 IDONEUM
1121 1498 1192 1572 SIT

876 1741 883 1762 ι
897 1728 945 1768 Nur
953 1728 987 1767 nn
1000 1727 1090 1768 helden
1101 1725 1244 1774 emutinden
1254 1725 1301 1764 wir
1312 1723 1384 1762 recht

853 1792 1027 1830 votlkommen
1047 1791 1098 1830 ulle
1114 1789 1153 1828 dte
1175 1795 1279 1836 grossen
1297 1785 1385 1833 Etssen-

853 1851 974 1894 schanan.
992 1852 1032 1890 ute
1056 1851 1148 1899 noecnrg
1166 1849 1229 1892 stud.
1247 1857 1288 1889 urn
1308 1857 1336 1888 es
1354 1857 1385 1888 zu

854 1917 979 1964 ertrugen.
988 1926 996 1949 ι

1095 1994 1150 2042 (m.
1162 1994 1230 2032 elect.
1246 1993 1274 2036 ιι,
1286 1993 1339 2038 xvi).

321 2186 399 2258 Aut
419 2183 579 2257 materia
598 2191 636 2258 et
655 2191 734 2258 toto
755 2185 880 2282 operis
904 2192 1047 2276 tenore,
1070 2189 1137 2256 aut
1159 2183 1244 2279 ipsa
1264 2189 1385 2255 mate-

276 2307 342 2380 riae
364 2307 588 2381 tractatione
610 2315 647 2380 et
666 2309 711 2383 iis
726 2329 812 2404 quae
828 2309 932 2406 operi
948 2314 1199 2382 annectuntur
1218 2312 1256 2379 et
1275 2306 1386 2402 quasi

275 2438 497 2523 assuuntur,
534 2438 602 2504 aut
634 2431 793 2527 denique
826 2431 971 2506 dIcendi
1002 2449 1139 2524 genere
1172 2427 1386 2524 legentibus

155 2541 159 2550 ’
275 2575 411 2628 nocere
426 2556 514 2628 ficta
531 2556 687 2630 historIa
705 2539 842 2653 petest.

322 2679 477 2753 Librum
490 2687 621 2754 autern
638 2684 701 2776 qui
717 2681 755 2754 A
759 2682 785 2780 s
774 2679 964 2778 finr'tctes
979 2677 1158 2752 electicae
1171 2678 1386 2754 inscribitur

277 2804 530 2879 consideranti
565 2813 603 2878 et
640 2828 727 2880 curn
763 2805 930 2902 quadam
964 2806 1143 2901 aequitate
1179 2804 1386 2879 aestirnanti

276 2931 440 3026 primum
470 2931 776 3026 perpendendum
799 2951 884 3006 esse
914 2929 1037 3005 visum
1060 2938 1118 3004 est
1142 2951 1191 3004 an
1219 2929 1308 3026 quid
1330 2929 1386 3002 vel

276 3076 418 3129 nocens
441 3063 478 3128 et
502 3057 757 3151 periculosum
781 3057 839 3130 vel
864 3055 991 3153 potius
1015 3056 1107 3130 utile
1132 3063 1168 3128 et
1193 3055 1280 3129 vitae
1309 3053 1387 3128 ido-

278 3201 393 3253 neum
414 3179 451 3252 in
474 3181 631 3255 materia
650 3181 733 3278 ipsa
752 3188 907 3276 totoque
927 3180 1051 3278 opens
1071 3188 1200 3254 tenore
1220 3186 1334 3254 esset.

326 3305 509 3389 Quamvis
528 3305 628 3379 ennn
648 3327 724 3378 non
747 3307 828 3379 stne
847 3327 989 3398 rnagna
1013 3305 1184 3378 libertate
1209 3310 1247 3377 et
1270 3303 1387 3378 auda-

278 3429 335 3502 cia
373 3431 586 3523 excogitata
620 3431 847 3525 inventaque
881 3429 1052 3503 videatur
1091 3431 1173 3502 haec
1211 3429 1383 3519 rnateria,

278 3553 369 3627 nihil
387 3560 516 3628 tamen
534 3556 572 3628 In
592 3577 638 3628 ea
657 3556 823 3653 reperias
842 3555 914 3630 nisi
938 3554 1039 3650 quod
1063 3555 1121 3626 vel
1147 3553 1256 3648 rigidi
1276 3556 1386 3628 Cato·

279 3700 348 3753 nes
376 3679 500 3773 legere
532 3681 690 3776 possInt.
727 3679 886 3774 Rigidos
924 3682 1087 3754 Catones
1124 3680 1227 3753 dico:
1266 3699 1388 3774 neque

281 3804 381 3876 enirn
401 3805 528 3899 pueris
547 3805 606 3876 vel
626 3803 933 3878 adulescentibus
955 3804 1049 3900 ipsis
1071 3803 1307 3901 compositus
1331 3809 1390 3877 est

281 3928 340 4000 hic
360 3928 465 4020 liber,
488 3928 555 4002 sed
574 3929 620 4004 iis
639 3929 716 4024 qui,
738 3937 851 4003 aetate
871 3930 949 4002 iarn
974 3929 1177 4023 animoque
1199 3929 1305 4021 virili,
1327 3929 1391 4002 iis-

281 4051 431 4127 demae
452 4054 643 4127 Guethiani
657 4053 739 4127 libri
754 4075 928 4150 personae
939 4052 1116 4150 perIcuIis
1136 4061 1202 4127 aut
1222 4053 1282 4127 usi
1301 4059 1391 4127 sunt

279 4185 347 4251 aut
383 4180 437 4251 uti
474 4178 716 4275 potuerunt.l
750 4179 867 4252 AEtati
903 4179 1051 4274 cuique,
1088 4186 1130 4252 ut
1167 4178 1294 4275 dispar
1332 4183 1391 4251 est

316 4435 325 4470 ⁴
345 4434 391 4492 CI.
407 4436 488 4504 quod
504 4435 645 4492 Goethius
669 4436 734 4505 Ipse
753 4436 791 4491 de
810 4434 916 4491 Ottilia
935 4433 1076 4502 scripsn:
1098 4453 1111 4486 e
1134 4430 1199 4488 Dae
1216 4436 1286 4506 ente
1304 4433 1391 4490 reice

282 4529 367 4586 Kmd
390 4532 474 4590 sollte
494 4532 545 4589 eiu
564 4532 675 4588 eotcdes
698 4530 829 4608 Beiepiel
852 4533 893 4598 (id
918 4536 964 4588 est
980 4533 1101 4586 comins
1119 4535 1149 4587 et
1163 4533 1343 4598 baronissae)
1358 4547 1391 4588 eo

283 4629 356 4698 (rud
369 4630 453 4688 nicht
466 4630 590 4705 yewaltr
604 4631 738 4688 werden.
755 4629 829 4704 (Aff.
842 4629 925 4688 elect.
938 4630 960 4694 I.
972 4635 1030 4694 rx).

1546 3355 1593 3412 Du
1794 3412 1796 3417 ,

1430 3451 1606 3514 Guermm
1625 3469 1713 3516 mern
1798 3446 1800 3451 ’

1510 3569 1635 3614 renone
