3654 5644
713 815 935 876 ...137-

283 948 470 1041 dicuntur,
502 949 814 1044 comparantibus
843 948 991 1021 difficile
1019 955 1121 1021 esset
1151 948 1221 1020 bac
1251 967 1402 1042 quoque

220 1105 223 1112 ·
283 1074 567 1170 comparatione
600 1074 862 1148 demonstrare
895 1073 1075 1146 decentiae
1115 1077 1152 1144 et
1191 1072 1403 1146 honestatis

283 1199 453 1295 palmam
473 1200 621 1272 Goethio
642 1199 744 1273 haud
763 1198 952 1272 immerito
977 1197 1090 1271 tribui
1108 1218 1235 1293 posse.
1258 1197 1404 1293 Saepius

285 1324 399 1414 enim,
417 1324 604 1397 Goethiani
617 1323 700 1396 libri
711 1345 848 1417 genere
861 1323 1005 1396 dicendi
1019 1343 1107 1395 cum
1123 1322 1280 1396 Gustavi
1293 1322 1404 1396 Flau-

286 1447 557 1539 berti,AE1niiii
586 1450 684 1522 Zolae
710 1450 767 1522 vel
787 1449 893 1522 Pauli
918 1451 1084 1541 Bourget
1107 1454 1188 1521 arte
1216 1446 1402 1520 scribendi

288 1573 436 1664 collato,
452 1573 517 1646 tibi
532 1573 729 1669 apparebit
747 1582 932 1669 quantum
946 1573 1158 1646 Germanici
1178 1578 1300 1669 poetae
1319 1594 1402 1646 ora-

288 1697 339 1770 tio
359 1704 396 1771 et
415 1697 664 1771 honestior’ct
683 1699 927 1771 verecundior
947 1699 1007 1771 sit.

337 1901 355 1946 ι(
377 1877 448 1950 Sed
469 1878 550 1950 baec
566 1877 723 1951 minoris
737 1885 826 1951 sunt
841 1878 1024 1950 momenti
1041 1903 1074 1970 n,
1090 1877 1203 1950 audio
1219 1877 1296 1950 iam
1314 1877 1400 1970 rigi-

284 2001 372 2073 dum
406 2003 589 2075 Catonern
618 2002 908 2093 exclamantem,
937 2028 956 2072 (ι
978 2023 1101 2096 neque
1126 2001 1235 2075 nobis
1259 2024 1399 2094 magno

286 2131 396 2197 erunt
415 2126 554 2199 auxilio
574 2127 622 2200 ad
641 2125 883 2200 iudicandum
901 2125 990 2220 quid
1005 2125 1130 2199 valeat
1144 2126 1281 2199 Goethii
1302 2147 1400 2221 opus

284 2250 333 2322 ad
354 2270 481 2323 mores
506 2251 564 2322 vel
583 2250 840 2324 emendandos
864 2250 923 2322 vel
942 2251 1289 2345 corrumpendos».
1317 2253 1399 2344 Ego
1427 2345 1432 2356 .

285 2383 414 2446 tamen
441 2375 564 2448 dicam
589 2376 689 2471 quod
712 2377 847 2450 sentio.
874 2376 1022 2449 Minora
1045 2375 1211 2470 quidem,
1234 2375 1301 2449 sed
1324 2398 1398 2448 non

285 2499 392 2596 parvi
417 2501 613 2573 momenti.
641 2504 740 2574 Nam
764 2501 835 2574 hoc
855 2501 982 2574 animo
1006 2521 1158 2596 semper
1181 2500 1246 2592 tui,
1269 2521 1314 2572 ex
1340 2499 1399 2574 bis

286 2623 414 2719 parvis
434 2625 665 2720 minutisque
689 2625 804 2699 rebus
824 2626 941 2699 totius
960 2625 1109 2719 generis
1132 2624 1276 2698 dicendi
1299 2625 1399 2698 colo-

285 2768 366 2820 rem
386 2755 453 2821 aut
471 2749 675 2822 honestum
696 2757 763 2822 aut
782 2750 1024 2823 inhonestum
1040 2749 1149 2822 effici.
1179 2752 1228 2822 Ut
1243 2750 1343 2823 enirn
1360 2749 1397 2821 in

284 2872 462 2946 omnibus
494 2873 578 2946 iibri
601 2873 801 2970 capitibus,
830 2875 883 2947 ita
906 2875 943 2946 in
968 2875 1070 2946 omni
1095 2874 1170 2947 fere
1195 2874 1397 2947 verborum

284 2996 559 3090 coniunctione,
574 2999 672 3071 inest
682 2999 808 3072 nescio
825 3020 910 3094 quae
924 2999 982 3072 vis
993 2999 1138 3090 intima,
1152 3020 1229 3093 qua
1238 3000 1398 3092 legentis

282 3120 435 3193 animus
453 3120 501 3194 ad
520 3123 635 3194 tinem
655 3122 873 3217 quemdam,
897 3124 955 3194 vel
977 3122 1133 3214 bonum,
1156 3124 1215 3196 vei
1235 3125 1394 3216 malum,

284 3245 472 3318 interdum
487 3245 631 3319 incitari
650 3253 786 3342 potest.
803 3250 925 3331 Quare
940 3269 1015 3319 non
1031 3248 1220 3321 immerito
1237 3248 1282 3322 de
1296 3249 1393 3343 libri,

283 3370 392 3442 cuius
412 3369 488 3442 vim
509 3372 672 3444 ethicam
692 3372 974 3468 perpendimus
999 3371 1057 3445 vei
1086 3372 1230 3446 dicendi
1258 3395 1395 3466 genere

286 3495 544 3569 tractavimus

1494 1894 1677 1953 Concuusro
